2194 3358
117 121 154 176 36
352 179 354 184 ,
378 111 410 172 0.
433 110 531 170 IULI
551 107 754 170 CAESARIS
853 111 858 116 ⁴
993 127 1039 166 111.

116 257 179 316 tela
193 255 273 314 adici
287 259 412 332 possent
425 258 457 311 et
471 251 564 311 missa
581 252 620 310 ab
636 249 738 310 Gallis
757 231 888 328 g'ravius
907 251 1040 310 aecide-

116 357 195 408 rent.
237 349 308 408 Una
330 353 396 406 erat
415 367 529 425 magno
550 347 622 406 usui
644 366 692 406 res
715 344 946 424 praeparata'a
962 365 1039 404 nos-

115 446 182 514 tris,
201 445 293 503 falces
312 448 496 521 praeacutae
513 443 648 501 insertae
666 442 853 520 adfixaeque·
865 441 1038 520 longuriis

115 559 177 598 non
204 539 340 598 absimili
364 539 463 597 forma
486 537 654 596 muralium
677 537 814 596 falcium.
864 537 929 597 His
959 557 1035 596 cum

89 637 214 706 sfunes,
229 635 284 713 qui
306 639 467 694 antemnas
489 635 528 692 ad
544 633 641 718 malos
660 633 869 704 destinabant,
886 654 1034 711 compre-

114 731 204 790 hensi
218 731 405 808 adductique
418 735 517 799 crant,
531 729 659 806 navigio
672 729 765 788 remis
783 730 919 789 incitato
936 749 1030 808 prae-

114 829 347 904 rumpebantur.
390 825 509 896 Quibus
522 825 649 884 abscisis
662 831 826 884 antemnae
847 827 1028 886 necessario

115 922 325 991 concidebant,
340 926 387 990 ut,
402 940 472 979 cum
487 921 586 982 omnis
601 919 729 980 Gallicis
746 921 881 980 navibus
900 941 976 1000 spes
992 923 1026 980 in

114 1016 194 1076 velis
216 1015 475 1092 armamentisque
497 1015 686 1086 consisteret,
708 1015 758 1074 his
780 1017 898 1094 ereptis
920 1019 1024 1078 omnis

77 1132 189 1172 musus
215 1112 344 1170 navium
368 1131 430 1169 uno
453 1116 591 1188 tempore
617 1111 798 1188 eriperetur.
848 1112 1022 1188 Reliquum

33 1285 38 1290 .
114 1216 183 1269 erat
197 1214 351 1269 certamen
366 1207 502 1285 positum
516 1207 551 1265 in
564 1206 692 1276 virtute,
707 1227 769 1283 qua
782 1207 883 1265 nostri
902 1207 1021 1271 milites

114 1306 206 1364 facile
220 1306 416 1382 superabant,
431 1309 525 1379 atque
539 1322 574 1360 eo
587 1303 696 1379 magis,
707 1302 789 1379 quod
802 1303 836 1362 in
852 1309 1020 1380 conspectu

115 1399 255 1459 Caesaris
282 1405 376 1477 atque
404 1397 503 1456 omnis
531 1397 684 1457 exercitus
707 1417 756 1456 res
781 1399 958 1476 gerebatur,
983 1404 1019 1458 ut

113 1495 238 1554 nullum
259 1496 353 1572 paulo
375 1489 494 1553 fortius
510 1493 628 1552 factum
649 1493 746 1552 latere
768 1500 887 1571 posset;
913 1515 1018 1554 omnes

17 1579 22 1588 ’
78 1587 197 1652 xsenim
222 1589 314 1648 colles
338 1609 373 1648 ac
402 1590 469 1648 loca
497 1589 663 1666 superiora,
688 1589 772 1648 unde
797 1596 865 1648 erat
893 1593 1017 1670 propin·
1080 1609 1081 1612 ’

113 1703 194 1761 quus
222 1684 384 1762 despectus
411 1685 444 1742 in
472 1704 563 1754 mare,
589 1686 629 1743 ab
655 1685 793 1744 exercitu
820 1687 1017 1747 tenebantur.

48 1819 51 1822 -
113 1841 247 1882 mcum
285 1781 335 1840 15.
357 1780 513 1850 Disiectis,
535 1786 572 1838 ut
594 1781 739 1851 diximus,
762 1783 926 1853 antemnis,
944 1802 1015 1842 cum

112 1882 191 1932 orne
285 1876 426 1953 singulas
450 1877 541 1935 binae
568 1895 603 1934 ao
633 1881 738 1935 ternae
764 1897 860 1936 naves
888 1879 1014 1938 circum-

111 1941 264 2032 enemyanea.
285 1977 444 2042 steterant,
467 1971 584 2030 milites
605 1991 725 2030 summa
746 1971 780 2030 vi
801 1975 1013 2034 transcendere

75 2068 146 2128 20in
167 2067 306 2126 hostium
331 2087 426 2126 naves
449 2067 684 2126 contendebant.
736 2067 824 2139 Quod
851 2077 1010 2148 postquam

111 2163 236 2221 barbari
249 2163 317 2221 fieri
331 2163 627 2234 animadverterunt,
642 2165 829 2242 expugnatis
852 2168 1009 2244 compluri-

111 2257 170 2315 bus
184 2256 326 2326 navibus,
342 2277 412 2315 oum
426 2259 454 2316 ei
464 2260 510 2316 rei
520 2260 643 2318 nullum
653 2261 841 2338 reperiretur
851 2263 1006 2336 auxilium,

111 2351 188 2428 fuga
202 2350 334 2408 salutem
349 2355 699 2429 petereccntenderunt.
731 2357 777 2414 Ac
787 2357 850 2422 iam
861 2361 1007 2420 conversis
1080 2375 1081 2426 ἶ

110 2445 145 2514 in
167 2463 235 2503 eam
256 2451 377 2522 partem
398 2447 541 2519 navibus,
556 2470 617 2526 quo
638 2456 752 2510 vontus
774 2452 902 2524 ferebat,
923 2460 1005 2517 tanta

73 2574 97 2612 25
111 2541 214 2602 subito
227 2541 358 2602 malacia
372 2564 407 2602 ao
421 2539 636 2622 tranquillitas
649 2547 781 2617 exstitit,
796 2551 833 2605 ut
847 2567 879 2606 se
893 2569 930 2608 ex
944 2550 1003 2610 loco

110 2655 298 2699 commovere
312 2659 375 2698 non
388 2647 521 2718 possent.
563 2641 648 2712 Quae
662 2643 787 2719 quidem
800 2663 850 2703 res
863 2646 902 2704 ad
918 2667 1001 2726 nego-

109 2737 190 2794 tium
217 2735 440 2795 oonfioiendum
467 2735 599 2794 maxime
626 2737 689 2794 luit
715 2744 906 2814 opportuna:
935 2762 999 2802 nam

110 2829 250 2904 singulas
273 2830 372 2888 nostri
396 2829 563 2886 consectati
590 2840 860 2906 expugnaverunt,
884 2841 919 2893 ut
939 2857 999 2914 per.

110 2938 224 2992 paucae
237 2943 276 2979 ex
290 2924 374 2980 omni
390 2941 518 2979 numero
531 2924 630 2982 noctis
643 2925 825 2986 interventu
841 2930 882 2986 ad
897 2936 997 2996 terram
