2194 3358
50 141 54 144 ·
128 138 145 192 2
391 135 421 196 0.
442 135 542 196 rum
561 132 763 218 crusnam
1008 145 1038 188 11.

128 275 238 336 cendos
261 275 401 336 hominos
426 276 590 336 facultates
617 275 784 348 habebant,
806 274 903 353 vulgo
937 294 1037 352 regna

127 372 365 449 occupabantur,
389 373 444 450 qui
469 372 572 431 minus
599 357 690 430 facilc
716 391 784 431 eam
810 391 876 430 rem
892 369 1037 449 imperio

302 473 407 527 nostro
421 467 566 544 consequi
580 472 733 544 poterant.
775 469 808 528 2.
829 466 890 525 His
905 467 1035 524 nuntiis

127 539 211 640 maenis
301 563 478 640 litterisque
492 567 661 622 commotus
676 561 787 622 Caesar
801 561 877 631 duas
891 561 1035 638 legiones

106 627 263 728 sffrliiiffue
300 658 335 718 in
362 659 503 718 citeriore
531 657 637 718 Gallia
664 675 761 726 novas
788 656 976 734 conscripsit
1002 663 1035 714 et

127 739 226 771 ”um
301 755 383 814 inita
409 761 526 814 aestate
552 754 588 813 in
614 753 792 812 interiorem
816 751 957 813 Galliam
978 753 1034 829 qui

127 848 299 921 deduceret,
322 851 473 922 Quintum
494 850 623 909 Pedium
644 849 784 928 legatum
804 847 899 908 misit.
951 850 1032 927 Ipse,

126 963 196 1002 cum
205 945 340 1022 primum
348 947 456 1024 pabuli
467 947 554 1024 copia
565 966 629 1008 esso
638 946 798 1024 inciperet,
808 946 847 1004 ad
857 946 1032 1004 exercitum

126 1041 223 1098 venit.
265 1041 328 1099 Dat
342 1041 501 1118 negotium
520 1040 693 1101 Senonibus
711 1041 901 1118 reliquisque
918 1041 1030 1110 Gallis,

90 1164 115 1190 10
127 1137 183 1214 qui
210 1137 337 1196 finitimi
365 1132 471 1215 Belgis
497 1143 597 1208 erant,
620 1138 669 1196 uti
695 1157 740 1207 ea,
763 1157 841 1214 quae
868 1139 955 1214 apud
982 1158 1032 1196 cos

128 1241 286 1312 gerantur,
308 1240 494 1312 cognoscant
512 1253 605 1312 seque
627 1234 665 1294 de
686 1233 736 1294 his
756 1235 848 1293 rebus
867 1235 1030 1294 certiorem
1082 1283 1083 1292 2

127 1329 253 1388 faciant.
295 1331 340 1387 Hi
360 1335 538 1389 constanter
551 1349 656 1388 omnes
671 1327 1031 1389 nuntiaveruut'manus
1082 1325 1083 1392 l

127 1427 205 1502 cogi,
220 1426 392 1484 exercitum
406 1424 441 1484 in
454 1443 551 1484 unum
565 1425 667 1484 locum
681 1425 819 1484 conduci.
861 1423 946 1486 Tum
960 1445 1032 1486 vero

127 1519 335 1580 dubitandum
343 1541 406 1580 non
420 1520 622 1591 existimavit,
633 1520 711 1598 quin
719 1521 758 1579 ad
770 1531 819 1579 eos
827 1511 1032 1598 proficiscere·

91 1637 114 1674 τε
129 1621 190 1674 tur.
218 1616 263 1674 Re
274 1616 480 1685 frumentaria
492 1621 667 1694 comparata
678 1620 779 1674 castra
792 1621 896 1674 movet
909 1616 1033 1676 diebus
1082 1669 1083 1690 ,

128 1729 189 1788 que
202 1711 327 1770 circiter
345 1711 522 1788 quindecim
543 1711 582 1768 ad
600 1711 677 1770 fines
696 1710 863 1792 Belgarum
877 1714 1032 1789 pervenit.
1082 1713 1083 1782 i

303 1810 336 1870 3.
357 1807 404 1866 Eo
421 1827 490 1866 cum
504 1806 542 1866 de
555 1805 723 1885 improviso
741 1807 1033 1883 celeriusque'omni
1082 1807 1083 1884 l

128 1919 226 1958 vuemo
303 1903 447 1982 opinione
463 1902 609 1973 venisset,
627 1902 725 1974 Remi,
739 1903 794 1980 qui
809 1902 944 1980 proximi
963 1903 1034 1964 Gal·

128 1867 173 1906 The
182 1867 243 1907 Remi
282 1881 285 1888 ·

128 1967 180 2014 Μ’
302 1999 363 2060 liae
376 2019 415 2059 ox
429 1999 536 2077 Belgis
550 1998 683 2070 suntad
698 2017 766 2057 eum
781 1997 899 2075 legam
914 1998 1033 2074 Mum

90 2122 115 2150 20
128 2077 161 2152 et
181 2095 472 2166 Andecumborium,
491 2094 607 2172 primos
626 2093 775 2165 civitatis,
794 2093 961 2178 miserunt,
980 2095 1032 2173 qui

128 2189 268 2250 dicerent
288 2211 321 2250 se
341 2211 458 2267 suaque
478 2191 581 2250 omnia
600 2190 635 2248 in
654 2189 747 2249 fidem
765 2195 858 2268 atque
876 2189 911 2248 in
932 2195 1032 2268 potcs—
1082 2211 1083 2252 ἕ

82 2305 88 2310 ·
128 2291 227 2344 tatem
254 2286 363 2364 populi
395 2285 527 2345 Romani
559 2287 747 2364 permittere,
774 2305 874 2362 neque
901 2305 935 2344 se
963 2305 1032 2344 cum

108 2379 236 2458 =Belgis
259 2381 389 2459 reliquis
413 2381 603 2441 consensisse
626 2401 726 2458 neque
751 2387 857 2440 contra
881 2381 1046 2459 populum·

87 2469 92 2471 ⁸
129 2479 302 2536 Romanum
329 2477 514 2550 coniurasse,
548 2483 737 2558 paratosque
761 2479 885 2536 esse-et
910 2478 1032 2552 obsides
1073 2487 1075 2490 '

91 2595 114 2632 πε
128 2575 201 2632 dare
221 2581 253 2634 et
273 2575 424 2654 imperata
444 2575 543 2634 facere
564 2580 596 2633 ct
616 2573 738 2654 oppidis
757 2569 893 2650 recipere
915 2578 949 2650 et
970 2575 1031 2632 fru-
1082 2569 1083 2574 '

91 2721 97 2732 .
128 2675 232 2730 mento
267 2671 438 2747 ceterisque
471 2671 563 2730 rebus
597 2671 725 2739 iuram
757 2669 893 2746 reliquos
928 2689 1031 2728 omnes

66 2809 70 2813 .
129 2765 242 2842 Belgas
255 2767 289 2824 in
303 2767 485 2836 emicasse,
500 2765 740 2840 Germanosque,
755 2764 811 2841 qui
829 2763 873 2822 cis
887 2764 1030 2827 Rhenum

61 2850 64 2854 ’
128 2857 276 2931 incolant,
293 2879 358 2920 sese
379 2877 449 2917 cum
469 2857 519 2916 his
539 2857 743 2928 coniunxisse,
762 2864 952 2936 tantumque
964 2879 1030 2920 esse

130 2970 234 3008 eorum
256 2953 394 3011 omnium
416 2952 559 3023 furorem,
580 2957 618 3011 ut
638 2971 678 3010 ne
697 2953 874 3012 Suessiones
896 2955 1029 3031 quidem,
1082 2941 1083 2976 ³
