2194 3358
97 182 99 186 ,
152 129 191 192 so
416 130 448 192 0.
469 121 792 192 rorrornsrrrs
847 75 851 79 ’
1017 144 1059 190 m.

149 272 284 334 rioribus
297 271 461 334 consistere
475 272 649 351 patiuntur.
689 271 740 334 Sic
753 271 897 332 omnibus
918 272 1057 334 hostium

151 369 248 450 copiis
263 367 341 430 fusis
359 367 514 448 armisque
527 367 631 428 exutis
644 387 676 428 se
689 368 724 428 in
738 375 838 430 castra
851 371 1056 432 munitiones-

151 485 212 546 que
225 484 297 525 suas
310 463 474 544 recipiunt.
518 464 585 536 Quo
599 464 716 543 proelio
729 463 820 546 facto,
835 467 919 544 quod
934 469 1055 547 saepius

33 622 35 630 s
151 562 309 622 fortunam
330 565 452 620 tentare
475 559 577 622 Galba
597 559 724 620 nolebat
750 567 845 639 atque
871 561 937 624 alio
964 585 999 623 se
1025 565 1054 622 in

126 655 282 722 shiberna
303 655 430 718 consilio
447 654 569 717 venisse
590 655 782 727 meminerat,
796 656 867 716 eliis
889 660 1054 718 occurrisse

120 753 244 816 rebus
263 752 394 824 viderat,
414 751 548 812 maxime
568 751 719 811 frumenti
738 755 1053 864 commeatumquein·

152 850 224 928 cpia
244 854 402 927 permotus
422 853 545 926 postero
565 847 616 907 die
638 847 828 908 omnibus
802 868 869 908 erus
891 849 957 909 vici
975 850 1051 910 cedi·

151 943 267 1004 ficiis
256 943 391 1004 moensis
413 942 448 1002 in
471 942 663 1022 provinciam
689 943 805 1003 reverti
831 946 995 1004 contendit
1020 965 1051 1004 ac

61 1052 64 1056 ’
117 1060 121 1065 ·
151 1039 240 1100 nullo
250 1039 338 1100 hoste
349 1037 534 1118 prohibente
544 1043 601 1098 aut
610 1038 672 1099 iter
682 1039 859 1099 demorante
869 1039 1050 1101 incolumem

77 1215 79 1220 Ι
113 1157 139 1186 10
151 1133 328 1216 legionem
317 1153 353 1192 m
366 1133 544 1206 Nantuatis,
558 1133 663 1194 inde
652 1153 688 1194 m
702 1134 887 1214 Allobroges
908 1137 1051 1214 perduxit

151 1231 259 1310 rbrque
270 1229 432 1290 hiemant

193 1329 226 1390 7.
247 1325 308 1386 His
320 1326 412 1384 rebus
427 1323 524 1403 gestis
537 1323 763 1384 cumomnibus
777 1324 930 1388 decausis
945 1327 1050 1389 Gaeser

236 1425 464 1532 τίδίωςρθθθτθιῑι
495 1419 632 1481 Gelliam
665 1420 867 1494 existimaret,
899 1424 1047 1503 superatis

90 1513 112 1564 '.
141 1480 287 1621 ,ξειῖηιωίῃ
288 1491 439 1595 ⁸Belgis‚
453 1515 592 1594 expulsis
610 1514 783 1588 Germanis,
797 1516 922 1577 rictis'
911 1537 948 1577 m
967 1517 1047 1596 Alpi·
1080 1559 1081 1564 1

322 1611 382 1672 bus
409 1611 549 1682 Sedunis,
577 1617 671 1690 atque
698 1612 743 1672 ita
769 1612 850 1672 inita
883 1611 1026 1674 hieme'
1018 1634 1047 1672 m
1080 1619 1081 1636 l

151 1704 317 1784 Illyricum
330 1707 486 1785 profectus
498 1711 587 1778 esset,
602 1707 685 1784 quod
698 1726 749 1767 eas
767 1727 891 1786 quoque
912 1709 1047 1776 nationes

150 1801 236 1862 adire
249 1807 282 1862 et
294 1801 436 1882 regiones
449 1820 630 1880 cognoscere
640 1802 773 1874 volebat,
785 1803 926 1864 subitum
936 1803 1047 1864 bellum

70 1971 73 1977 Ι
150 1898 186 1958 in
199 1899 304 1961 Gallia
323 1907 461 1961 coortum
481 1904 538 1960 est.
579 1898 656 1958 Eius
676 1899 752 1958 belli
772 1899 848 1960 haec
868 1900 932 1960 fuit
953 1921 1046 1982 eausa.
1079 1899 1080 1947 i

151 1991 185 2054 P.
197 1994 325 2056 Orassus
338 1996 518 2056 adulescens
532 2013 602 2054 oum
615 1992 738 2072 legione
751 1995 883 2072 septime
892 1997 1047 2074 proximus

113 2093 234 2152 {fimare
254 2090 409 2152 Oceanum
428 2091 463 2150 in
483 2088 627 2150 Andibus
647 2087 808 2150 hiemaret.
849 2089 892 2165 Is,
913 2092 996 2168 quod
1017 2089 1047 2148 in

151 2181 202 2242 his
215 2182 289 2244 locis
302 2184 406 2262 inopia
420 2183 572 2244 frumenti
582 2187 657 2255 erat,
668 2185 839 2263 praefectos
849 2185 1050 2264 tribunosque

151 2275 289 2338 militum
310 2279 481 2357 complures
503 2280 538 2339 in
561 2279 713 2340 finitimas
736 2280 881 2342 civitates
903 2280 1046 2341 frumenti

150 2389 244 2431 causa
272 2369 409 2444 dimisit3
438 2392 500 2453 quo
522 2374 558 2434 in
580 2393 708 2435 numero
729 2380 777 2434 est
799 2375 835 2434 Τ.
858 2375 1046 2437 Terrasidius

150 2467 263 2530 missus
289 2467 323 2529 in
350 2469 490 2544 Esubios,
514 2471 558 2534 M.
583 2471 715 2534 Trebius
739 2470 850 2533 Gallus
880 2473 916 2532 in
947 2473 1046 2534 Curio
1077 2477 1078 2535 ζ

113 2563 267 2638 ssolitas,
301 2565 338 2638 Q.
370 2567 520 2628 Velanius
552 2585 622 2628 cum
656 2567 693 2626 T.
727 2551 847 2631 Silio
837 2586 872 2626 m
906 2567 1045 2629 Venetos.

147 2669 282 2761 &aaa
322 2668 356 2727 8.
384 2664 489 2725 Huius
512 2670 560 2724 est
582 2664 721 2724 civitatis
744 2663 837 2742 lenge
860 2664 1045 2742 amplissimo

149 2731 301 2860 thhffimdm
320 2760 489 2820 auctoritas
503 2759 602 2818 omnis
614 2777 684 2818 orae
697 2757 870 2818 maritimae
888 2759 1044 2836 regionum

149 2868 223 2917 dem
320 2873 436 2922 earum,
450 2851 532 2928 quod
545 2856 579 2908 et
593 2870 687 2910 naves
709 2852 826 2910 hebent
845 2854 961 2914 Veneti
983 2855 1044 2932 plu-

52 2991 55 3000 ,
150 2945 253 3018 rimas,
267 2945 411 3021 quibus
401 2963 436 3002 m
457 2941 653 3002 Britanniam
676 2944 826 3021 navigare
852 2952 1043 3015 consuerunt,
