2194 3358
59 92 186 188 13-14'
230 110 293 170 nr
310 108 456 195 asaro
476 109 660 172 amurca
682 109 810 174 sonu.
826 94 897 204 'ur
940 115 978 172 aa
1039 101 1043 106 ’

56 251 149 312 satis
159 241 324 311 'commode
343 271 432 329 posse
449 252 692 314 arbitrabantur.
728 253 806 314 Cum
824 253 874 315 his
891 254 979 316 navi-

12 339 16 350 ’
56 351 130 410 bus
164 354 289 408 nostrae
316 348 408 408 classi
434 349 584 410 eiusmodi
611 369 792 428 trangressus
827 357 903 421 erat,
941 357 979 410 ut
1007 405 1016 433 ‚

58 465 135 504 una
151 443 312 504 celeritate
326 450 359 504 et
374 444 468 522 pulsu
488 465 641 506 remorum
657 451 836 525 praestaret,
857 445 980 526 reliqua

58 560 126 619 pre
161 539 224 600 laci
249 545 363 600 natura
394 560 450 618 pro
477 541 510 599 vi
537 546 758 621 tempestatum
784 525 850 602 illis
875 548 979 602 essent

59 637 193 716 aptiora
238 641 271 696 et
312 637 594 699 accommodatiora.
659 639 767 717 Neque
805 639 889 706 enim
927 637 1016 702 lriss

33 741 196 813 *nostrae
219 739 319 794 rostro
345 740 625 814 nocere'poterant
651 735 757 815 (tanta
782 735 817 794 in
843 735 883 794 iis
909 741 978 795 erat

60 830 256 911 firmitudo),
281 850 382 908 neque
402 836 529 910 propter
547 830 747 892 altitudinem
769 829 859 892 facile
877 830 976 892 telum
1085 839 1086 843 ’

60 927 272 998 adiciebatur,
305 927 470 987 eteadem
497 927 536 987 de
572 947 664 988 causa
689 927 794 990 minus
820 929 976 988 commodo
1085 931 1086 938 ’

61 1023 190 1104 copulis
214 1023 463 1084 continebantur.
503 1023 676 1085 Accedebat
696 1030 743 1096 ut,
765 1044 836 1084 cum
857 1024 976 1085 saevire
1076 1103 1080 1108 f

60 1125 184 1180 ventus
220 1119 371 1198 coepisset
395 1125 429 1179 et
455 1139 487 1179 se
514 1125 609 1180 vento
643 1120 808 1190 dedissent,
840 1125 873 1178 et
898 1125 1016 1181 tem-ro
1084 1149 1086 1165 π

60 1221 223 1296 pestatem
251 1215 369 1274 ferrent
396 1215 519 1275 facilius
545 1220 578 1274 et
600 1215 635 1274 in
658 1214 746 1274 vadis
773 1214 977 1276 consisterent
1072 1272 1074 1276 ,

60 1311 180 1382 tutius,
206 1316 238 1370 et
265 1311 306 1370 ab
333 1315 422 1372 aestu
449 1310 576 1370 relictae
602 1310 684 1370 nihil
710 1329 785 1370 saxa
811 1313 844 1368 et
870 1315 975 1394 cautes

60 1409 234 1478 timerent;
269 1427 401 1484 quarum
434 1427 538 1466 rerum
570 1407 708 1466 omnium
740 1405 855 1466 nostris
887 1406 974 1466 navi·

60 1505 123 1564 bus
148 1523 239 1563 casus
258 1508 325 1562 erat
339 1493 611 1562 extimescendum
635 1503 687 1566 14.
714 1501 802 1563 Com·
822 1543 915 1584 Anava

60 1600 213 1680 pluribus
240 1598 428 1676 expugnatis
455 1597 577 1676 oppidis
605 1598 724 1670 Caesar,
747 1598 802 1658 ubi
821 1593 930 1694 ffigm
986 1624 1011 1666 ι,
1055 1639 1059 1643 -

60 1696 229 1772 intellexit
256 1695 374 1754 frustra
397 1700 522 1754 tantum
548 1695 684 1755 laborem
711 1695 801 1766 sumi,
821 1697 954 1784 pppffivmee
1051 1722 1056 1729 ¹

59 1814 167 1873 neque
191 1793 330 1852 hostium
355 1791 463 1870 fugam
486 1790 585 1868 captis
609 1791 730 1870 oppidis
756 1810 803 1850 re·
822 1793 923 1836 nomm.

60 1891 161 1971 primi
183 1909 285 1968 neque
306 1889 346 1948 iis
368 1888 472 1949 noceri
492 1907 589 1966 posse,
604 1887 718 1948 statuit
735 1883 972 1964 exspectandam

60 1988 205 2048 classem.
247 1984 333 2056 Quae
346 1984 402 2044 ubi
415 1983 562 2044 convenit
575 2003 612 2044 ac
624 1983 759 2061 primum
773 1983 812 2042 ab
830 1979 973 2042 hostibus

59 2084 133 2150 visa
157 2087 215 2152 est,
237 2080 359 2140 circiter
382 2081 533 2140 ducentae
553 2084 585 2138 et
605 2078 722 2158 viginti
748 2095 843 2138 naves
866 2095 971 2137 eorum
983 2107 1011 2166 ἓ
1067 2127 1069 2130 .

60 2177 281 2258 paratissimae
294 2181 389 2254 atqua
403 2176 487 2235 omni
506 2193 617 2253 genere
638 2193 793 2234 armorum
815 2171 972 2234 ornatissi-

60 2295 132 2336 mae
143 2275 351 2354 profectaeex
361 2278 454 2350 portu
465 2269 971 2341 nostrisadversaeccnstiterunt3

61 2371 168 2449 neque
190 2369 268 2429 satis
284 2369 392 2439 Brute,
407 2368 463 2446 qui
485 2367 576 2428 classi
598 2373 748 2447 praeerat,
763 2367 815 2427 vel
835 2366 972 2428 tribunis
1028 2447 1031 2454 y
1081 2371 1086 2376 ’

62 2467 206 2528 militum
233 2463 538 2542 centurionibusque,
566 2463 682 2542 quibus
709 2463 851 2541 singulae
876 2481 972 2522 naves

62 2565 157 2624 erant
170 2559 353 2630 attributae,
368 2560 539 2630 constabat,
554 2558 630 2636 quid
648 2563 779 2637 agerent
799 2563 856 2617 aut
876 2577 970 2635 quam
983 2575 1009 2616 υς
1085 2635 1086 2638 ¹

62 2658 220 2728 rationem
241 2675 366 2734 pugnae
387 2653 579 2716 insisterent.
628 2655 740 2715 Rostro
762 2652 845 2714 enim
868 2653 971 2713 noceri
1009 2691 1016 2696 -

64 2775 128 2829 non
156 2771 245 2830 posse
272 2754 499 2828 cognoverant:
528 2749 669 2809 turribus
696 2753 800 2808 autem
827 2745 972 2808 excitatis

64 2855 172 2909 tamen
193 2846 251 2905 has
274 2845 411 2904 altitudo
435 2845 588 2924 puppium
613 2865 651 2904 cx
674 2843 815 2904 barbaris
837 2841 989 2904 navibus¹
1033 2851 1058 2863 ”

58 2943 245 3026 superabat,
259 2947 297 3000 ut
309 2942 463 3027 neque'ex
476 2941 622 3003 inferiore
639 2940 705 3001 loco
723 2933 799 2999 satis
817 2939 972 3000 commode
1083 2983 1086 2988 1
