2194 3358
886 77 888 86 ,
971 35 974 39 ·
1058 11 1089 89 a

124 107 146 210 a
388 121 761 214 crunrcrrsaars
1002 165 1033 208 n.

125 291 298 370 scripserat,
319 291 354 350 in
373 293 484 352 castris
504 293 631 368 relictis,
645 299 692 366 ut,
713 295 741 354 si
761 314 822 372 quo
844 311 922 374 opus
943 299 1034 362 esset,

125 374 262 448 subsidio
290 389 362 450 duci
389 397 524 470 possent,
552 391 689 469 reliquas
715 411 769 452 sex
802 392 944 472 legiones
980 410 1036 470 pro

125 484 234 543 castris
254 484 288 542 in
306 485 371 546 acie
391 487 565 548 constituit.
607 487 722 548 Hostes
742 488 818 548 item
838 507 911 548 suas
928 487 1036 565 copias

124 615 170 658 Th,
178 629 255 670 enemy
296 603 335 642 ex
348 585 458 644 castris
474 585 600 644 eductas
616 585 839 644 instruxerant.
882 588 914 647 9.
938 583 1036 642 Palus

100 672 250 762 sgffl‘m
294 691 361 746 erat
379 705 441 746 non
459 705 574 764 magna
591 685 675 747 inter
692 691 833 745 nostrum
853 690 950 762 atque
964 684 1035 742 hos-

125 771 222 818 ΜΝ·
295 781 566 842 tiumexercitumss
594 781 690 842 Hano'
698 782 726 841 si
739 779 839 841 nostri
849 780 1034 848 transirent,

124 872 227 932 hostes
240 877 477 953 exspectabant;
492 877 592 938 nostri
606 883 719 949 autem,
730 877 757 936 si
771 875 889 936 abillis
901 875 1033 934 initium

124 971 307 1030 transeundi
320 972 418 1044 fieret,
432 979 469 1032 nt
483 973 648 1052 impeditos
661 973 912 1052 adgrederentur,
926 973 1035 1049 parati

124 1063 158 1122 in
179 1065 272 1126 armis
286 1073 384 1127 erant.
426 1068 559 1132 Interim
572 1067 689 1148 proelio
703 1067 839 1146 equestri
855 1067 940 1126 inter
954 1067 1034 1127 duas

89 1189 113 1217 ιο
124 1160 204 1224 acies
217 1165 469 1226 contendebatur.
504 1164 569 1227 Ubi
585 1165 691 1225 nentri
704 1162 887 1224 transeundi
900 1163 1033 1221 initium

125 1258 254 1333 faciunt,
269 1263 448 1323 secundiore
472 1263 614 1340 equitum
635 1259 752 1340 proelio
778 1260 893 1320 nostris
918 1257 1034 1319 Caesar

124 1375 195 1416 suos
216 1356 251 1416 in
264 1364 365 1418 castra
383 1357 519 1419 reduxit.
560 1359 675 1420 Hostes
693 1357 836 1437 protinus
853 1376 893 1416 ex
911 1375 948 1415 eo
965 1355 1034 1415 loco

124 1451 163 1510 ad
185 1453 300 1514 flumen
325 1456 468 1515 Axonam
492 1455 728 1526 contenderunt,
752 1453 835 1532 quod
861 1471 927 1512 esse
961 1457 1034 1530 post

123 1553 229 1606 nostra
245 1557 346 1610 castra
366 1550 612 1628 demonstratum
631 1556 688 1610 est.
730 1549 781 1609 lbi
794 1548 883 1608 vadis
897 1545 1034 1625 repertis
1088 1617 1089 1626 χ

85 1668 108 1704 1⁵
122 1649 243 1720 partem
265 1664 391 1705 suarum
413 1645 570 1725 copiarum
590 1647 751 1705 traducere
772 1644 874 1704 conati
896 1649 974 1702 sunt
996 1662 1034 1702 eo

36 1791 38 1796 .
122 1738 259 1812 consilio,
276 1747 322 1812 ut,
340 1742 367 1802 si
386 1749 519 1820 possent,
534 1741 704 1813 castellum,
714 1741 764 1800 cni
778 1745 920 1819 praeerat
933 1739 1035 1811 Quin-

122 1843 175 1896 tus
189 1835 332 1900 Titurius
352 1837 485 1917 legatus,
500 1844 717 1918 expugnarant
732 1843 921 1916 pontemque
933 1834 1035 1893 inter-
1087 1825 1088 1837 ¹

122 1933 316 2006 scinderent;
346 1935 373 1996 si
400 1936 504 1995 minus
534 1935 719 2014 potuissent,
741 1953 832 2014 agros
860 1933 1032 1992 Remorum
1086 1967 1087 2011 ,

122 2030 354 2109 popularentur,
382 2033 438 2111 qni
472 2053 584 2111 magno
610 2029 700 2091 nobis
732 2031 805 2090 usui
838 2029 878 2088 ad
910 2027 1033 2087 bellum

85 2146 109 2172 20
123 2127 293 2204 gerendum
310 2135 408 2199 erant,
423 2130 657 2206 commeatuque
677 2132 799 2187 nostros
816 2123 1031 2204 prohiberent.
1085 2113 1086 2187 i

211 2281 215 2292 ,
294 2225 346 2285 10.
362 2223 475 2283 Caesar
488 2223 599 2283 certior
608 2224 708 2283 iactus
721 2222 761 2282 ab
773 2221 1031 2296 Tituriopmnem
1084 2269 1085 2282 ,

121 2280 250 2370 iiiiii„
293 2317 467 2395 equitatum
494 2324 526 2378 et
552 2319 633 2379 levis
661 2323 836 2378 armaturae
864 2310 1032 2386 Numidas,
1084 2291 1085 2361 i

121 2383 233 2420 ‘mm
291 2413 464 2474 funditores
482 2411 721 2492 sagittariosque
739 2418 866 2492 pontem
889 2411 1032 2471 traducit
1081 2427 1084 2466 τ

120 2512 213 2586 atquc
227 2507 266 2567 ad
280 2527 330 2570 eos
344 2511 512 2571 contendit.
539 2511 663 2570 Acriter
675 2509 714 2582 in,
723 2529 758 2570 eo
771 2509 837 2570 loco
850 2513 1030 2588 pugnatum

83 2627 106 2664 πε
120 2610 176 2664 est.
208 2605 322 2666 Hostes
331 2607 497 2686 impeditos
505 2587 786 2667 nos'triinflrimine
795 2586 933 2683 adgrdsi
941 2619 1029 2684 mag»
1078 2581 1083 2712 i

119 2721 195 2761 num
208 2721 314 2763 eorum
327 2724 491 2764 numerum
504 2703 698 2765 occiderunt:
714 2723 770 2783 per
779 2721 885 2764 eorum
898 2721 1029 2782 corpora
1071 2759 1076 2767 .

119 2797 254 2874 reliquos
276 2799 476 2858 audacissime
496 2798 629 2858 transire
653 2805 799 2859 conantes
819 2797 1027 2859 multitudine

119 2889 252 2948 telorum
279 2893 478 2971 repulerunt;
504 2893 627 2971 primos,
647 2895 702 2970 qni
718 2892 917 2966 transierant,
940 2895 1027 2973 equi·

118 2986 189 3040 tatu
210 2983 435 3046 circumventos
455 2987 717 3082 interfeceruntq(
728 2986 841 3052 Hostes
858 2989 915 3048 nbi
934 2997 969 3050 et
990 2990 1027 3050 de

608 3267 622 3323 t
