2194 3358
347 121 350 128 ‹

141 175 180 232 34
241 205 244 208 ·
306 187 310 198 ¹
401 170 433 232 0.
455 169 553 232 IULI
571 169 777 266 OAESARIS
846 205 848 210 ·
1012 187 1054 227 111.

140 315 223 395 quod
236 331 343 374 rursus
356 313 515 374 minuente
536 318 625 372 aestu
646 332 742 373 naves
759 313 794 372 in
815 313 908 372 vadis
922 312 1054 388 afflicta

102 441 104 450 ¹
140 417 257 472 rentur.
299 411 350 470 lta
371 415 504 488 utraque
525 429 558 468 re
579 409 763 488 oppidorum
781 409 987 488 oppugnatio
1000 409 1054 467 im-

140 507 340 587 pediebatur;
361 527 397 566 ao
419 507 446 566 si
467 506 591 584 quando
612 505 832 584 magnitudine
846 506 954 583 operis
965 507 1054 564 forte

140 603 287 681 superati,
301 608 426 663 extruso
448 601 527 662 mari
549 621 662 680 aggere
684 621 720 661 ao
737 601 873 662 molibus
887 607 990 679 atque
1004 601 1052 659 his

8 711 9 714 ’
115 724 127 764 s
140 699 246 778 oppidi
259 699 421 760 moenibus
434 697 623 776 adaequatis,
638 697 703 756 suis
724 696 860 760 fortunis
882 697 1051 780 desperare

140 802 312 874 coeperant,
327 815 440 873 magno
453 813 580 854 numero
594 793 723 852 navium
736 792 876 870 appulso,
892 793 988 852 cuius
1006 791 1049 850 rei

140 909 291 950 summam
325 890 506 950 facultatem
545 889 712 960 habebant,
747 907 803 947 sua
836 873 1047 966 deportabant

139 987 242 1046 omnia
264 1006 356 1064 seque
374 987 409 1045 in
427 986 568 1065 proxima
587 985 701 1063 oppida
722 984 916 1063 recipiebant
925 1007 948 1056 :2
955 985 1003 1044 ibi
1016 1003 1047 1044 se

139 1103 246 1144 rursus
278 1083 376 1142 isdem
410 1081 699 1160 opportunitatibus
732 1080 792 1140 loci
824 1081 1044 1140 defendebant.

100 1181 273 1240 10Haeoeo
287 1177 410 1238 facilius
424 1198 570 1257 magnam
587 1183 708 1256 partem
727 1177 855 1236 aestatis
877 1177 1043 1246 faciebant,

138 1277 221 1356 quod
254 1281 377 1335 nostrae
410 1294 506 1334 naves
540 1273 779 1351 tempestatibus
810 1273 1042 1342 detinebantur,

138 1393 318 1452 summaque
348 1377 416 1430 erat
438 1376 528 1430 vasto
551 1376 646 1448 atque
673 1375 780 1447 aperto
807 1368 895 1440 mari,
920 1368 1043 1446 magnis

139 1469 284 1540 aestibus,
307 1467 385 1527 raris
408 1486 443 1526 ao
466 1485 561 1544 prope
582 1465 680 1526 nullis
702 1465 853 1544 portibus,
876 1463 1042 1548 difficultas

138 1604 283 1654 rsoenemya
307 1563 487 1641 navigandi.
533 1564 584 1624 13.
617 1561 758 1639 Namque
784 1561 929 1639 ipsorum·
946 1579 1041 1644 naves

100 1654 190 1725 ,iffi-
284 1647 349 1717 ¹ad
361 1659 446 1718 hunc
459 1659 583 1718 modum
602 1659 702 1718 factae
720 1663 1040 1738 armataequeerant:
1088 1661 1089 1664 ’

138 1755 259 1816 carinae
273 1755 434 1834 aliquanto
448 1755 602 1834 planiores
613 1775 706 1833 quam
716 1761 892 1816 nostrarum
902 1741 1040 1824 navium,

55 1873 61 1884 “
137 1873 199 1932 quo
232 1851 355 1912 facilius
388 1853 469 1912 vada
502 1871 538 1911 ao
573 1853 730 1912 decessum
763 1857 867 1912 aestus
899 1851 1041 1930 excipere

136 1955 279 2028 possent;
294 1969 402 2028 prorae
416 1948 580 2008 admodum
594 1953 713 2008 erectae
726 1953 820 2024 atque
833 1947 911 2006 item
921 1967 1041 2026 puppes

137 2046 176 2104 ad
189 2046 437 2124 magnitudinem
451 2045 603 2103 fluctuum
622 2049 905 2122 tempestatumque
925 2063 1039 2103 accom-

98 2143 293 2212 mmodatam
315 2162 411 2202 naves
424 2146 508 2200 totae
524 2141 623 2199 factae
645 2160 684 2198 ex
706 2141 814 2200 robore
835 2141 875 2198 ad
897 2131 1038 2218 quamvis

136 2237 201 2295 vim
212 2237 248 2296 et'
255 2239 472 2298 contumeliam
483 2238 714 2317 perferendam
729 2235 867 2296 transtra
877 2236 1037 2315 pedalibus

135 2333 170 2391 in
184 2333 384 2392 altitudinem
397 2336 539 2395 trabibus
558 2336 679 2394 confixa
700 2334 797 2394 clavis
818 2335 925 2394 ferreis
944 2334 1036 2412 digiti

135 2427 258 2506 pollicis
287 2429 507 2502 crassitudine;
537 2450 665 2490 ancorae
692 2449 748 2509 pro
776 2431 904 2490 funibus
931 2431 1034 2490 feneis

133 2525 253 2584 catenis
266 2525 439 2587 revinctae:
455 2526 550 2605 pelles
565 2547 621 2604 pro
631 2527 710 2587 velis
724 2527 889 2604 alutaeque
902 2527 1034 2586 tenuiter

96 2645 120 2684 2⁵
135 2623 299 2695 confectae,
314 2623 380 2683 sive
402 2627 529 2702 propter
549 2623 608 2682 lini
626 2623 763 2702 inopiam
776 2629 870 2700 atque
884 2624 949 2684 eius
960 2643 1032 2684 usus

25 2773 29 2780 ,
133 2717 338 2789 inscientiam,
352 2718 419 2780 sive
432 2739 476 2790 eo,
487 2719 569 2796 quod
582 2725 630 2780 est
647 2720 748 2798 magis
766 2715 943 2792 verisimile,
953 2721 1030 2796 quod
1057 2705 1063 2716 ⁸

134 2817 241 2874 tantas
254 2819 454 2890 tempestates
468 2813 582 2872 Oceani
595 2819 761 2891 tantosque
782 2815 917 2895 impetus
930 2819 1029 2875 vento·

135 2919 204 2962 rum
225 2907 374 2966 sustineri
396 2927 431 2964 ac
449 2909 539 2965 tanta
553 2926 646 2966 onera
658 2909 787 2968 navium
800 2909 868 2988 regi
881 2910 959 2970 velis
970 2930 1028 2970 non
