2194 3358
37 139 117 198 7-9;
173 117 239 182 on
256 116 399 204 roszo
420 117 604 185 eluntre
625 117 754 215 sonu
776 120 839 187 111.
922 129 958 189 31

36 270 75 328 et
105 263 244 326 seientia
270 271 365 343 atque
388 284 447 326 usu
473 266 670 326 nauticarum
696 287 799 329 rerum
826 267 962 347 reliquos

38 361 244 421 anteeedunt
264 367 297 422 et
316 361 351 422 in
369 382 483 440 magno
499 363 619 442 impetu
639 364 733 424 maris
746 371 841 443 atque
854 369 963 450 aperte

38 456 158 536 paucis
181 457 325 544 portibus
346 457 526 531 interiectis,
542 479 618 536 quos
636 466 745 520 tenent
765 459 835 539 ipsi,
856 479 962 522 omnes

38 555 123 626 fere,
156 553 214 631 qui
243 573 278 613 eo
306 553 386 614 mari
416 555 466 613 uti
494 563 706 628 consuerunt„
721 556 839 616 hebent
865 557 961 618 veeti-

40 649 146 728 gales.
200 649 253 708 Ab
281 648 331 708 his
361 649 399 708 fit
428 649 555 710 initium
585 651 741 712 retinendi
769 651 839 712 Silii
866 658 960 730 atque
986 684 999 723 3

39 744 188 816 Velanii,
203 745 287 822 quod
309 765 437 824 perses
459 765 530 806 suos
551 767 584 806 se
607 747 738 819 obsides,
753 765 830 826 quos
852 743 962 808 Crasso

40 841 219 913 dedissent,
229 847 464 921 recuperaturos
474 843 705 904 existimabant.
726 844 847 904 Horum
855 841 962 906 aueto-

41 939 146 998 ritate
169 937 299 998 finitimi
318 939 446 998 adducti
466 937 520 1018 (ut
539 946 614 1000 sunt
632 939 794 1001 Gallorum
810 941 915 1002 subita
928 946 961 1002 et

42 1033 219 1113 repentina
232 1034 387 1114 oonsilio),
402 1033 509 1094 eadem
527 1035 565 1094 de
583 1055 675 1096 eausa
689 1036 837 1100 Trebium
851 1037 962 1098 Terra·

43 1132 231 1212 sidiumque
252 1131 405 1203 retinent.
423 1138 455 1191 et
479 1133 621 1192 eeleriter
641 1133 745 1194 missis
769 1134 883 1212 legatis
906 1154 999 1212 perse

43 1249 122 1290 suos
136 1227 296 1308 principes
310 1229 393 1290 inter
406 1247 439 1288 se
453 1229 625 1301 ooniurant,
636 1229 719 1288 nihil
728 1229 791 1288 nisi
805 1230 960 1290 communi
1070 1291 1075 1300 x

43 1325 183 1386 oonsilio
203 1331 327 1392 aeturos
347 1325 538 1404 eundemque
558 1326 659 1386 omnis
678 1327 821 1386 fortunae
840 1327 960 1386 exitum

43 1440 115 1482 esse
138 1419 269 1493 laturos,
284 1419 483 1498 reliquasque
502 1421 650 1482 civitates
671 1421 852 1494 sollicitant,
866 1428 904 1482 ut
924 1422 960 1482 in

43 1517 256 1591 ealibertate‚
267 1517 569 1596 quamamaioribus
578 1524 769 1598 acceperant,
780 1538 960 1598 permanere

45 1631 147 1690 quam
180 1611 392 1696 aomanorum
424 1609 609 1672 servitutem
645 1612 781 1691 perferre
819 1612 958 1674 mallent.
974 1638 997 1676 ιε

46 1706 146 1768 Omni
174 1726 228 1766 ora
251 1705 410 1766 maritima
433 1705 574 1768 eeleriter
597 1707 637 1768 ed
661 1728 749 1770 suam
772 1709 960 1768 sententiam

45 1803 203 1883 perducto
216 1821 410 1862 communem
424 1801 613 1880 legationem
626 1804 666 1862 sd
680 1805 713 1864 P.
729 1803 874 1864 Crassum
888 1805 960 1864 mit

45 1905 134 1970 tunt,
161 1897 190 1960 si
213 1897 295 1957 velit
318 1917 389 1958 suos
412 1897 557 1978 recipere,
579 1898 701 1958 obsides
725 1898 786 1958 sibi
809 1899 960 1960 remittat.

47 1999 81 2058 9.
105 1993 231 2066 Quibus
245 1993 283 2053 de
300 1993 392 2052 rebus
407 1991 518 2054 Caesar
536 1993 576 2052 ab
595 1993 705 2052 Crasso
726 2013 789 2052 eer-

47 2089 112 2149 tior
126 2089 240 2160 faetus,
252 2088 335 2165 quod
348 2087 414 2166 ipse
429 2088 538 2148 aberat
547 2087 681 2166 longius,
693 2109 788 2149 neves
808 2055 955 2168 magalonae
973 2114 999 2143 20

46 2185 183 2246 interim
196 2184 306 2264 longas
316 2184 473 2246 aedifieeri
483 2185 518 2244 in
528 2185 655 2244 flumine
666 2185 787 2265 ligere,
808 2157 928 2197 ''mide''

47 2283 134 2361 quod
156 2281 266 2341 influit
286 2280 322 2340 in
338 2280 504 2353 Oceanum,
518 2281 652 2360 remiges
675 2302 714 2342 ex
735 2283 896 2361 provincia
914 2284 960 2344 in-

46 2378 152 2451 stitui,
164 2382 279 2438 nautas
292 2377 575 2456 gubernatoresque
588 2379 758 2456 comparari
771 2379 868 2442 iubet.
899 2382 960 2441 His

48 2478 144 2537 rebus
163 2473 307 2535 celeriter
327 2474 555 2536 administratis
577 2473 654 2553 ipse,
669 2495 739 2534 eum
755 2477 891 2554 primum
905 2497 960 2556 per

48 2571 126 2632 anni
140 2577 267 2650 tempus
280 2571 395 2649 potuit,
409 2571 450 2632 ed
463 2571 634 2632 exereitum
644 2571 814 2632 oentendit.
846 2573 960 2633 Veneti
972 2600 996 2638 25

49 2668 254 2746 reliquaeque
268 2666 347 2728 item
360 2666 507 2728 civitates
521 2665 646 2746 cognito
661 2665 801 2728 Caesaris
822 2667 960 2728 adventu

49 2764 199 2826 certiores
222 2762 307 2835 faeti,
324 2762 419 2824 simul
441 2763 532 2841 qued,
552 2768 706 2841 quantum
728 2764 762 2822 in
784 2784 816 2824 se
838 2764 959 2824 feeinus
1064 2801 1067 2808 ,

49 2859 261 2936 admisissent,
275 2858 512 2937 intellegebant,
532 2859 662 2936 legatos,
682 2861 764 2938 quod
786 2880 898 2922 nomon
919 2861 959 2922 ad
988 2909 998 2936 ,

50 2975 159 3018 ornnes
171 2955 315 3016 nationes
329 2961 471 3016 sonetum
484 2955 732 3034 inviolatumque
751 2957 959 3036 semperfuis·

781 3069 799 3110 a
819 3055 838 3111 2
