2194 3358
75 155 193 220 18·-s0.
236 157 461 248 Defuncto
482 157 666 220 cALMco
688 157 815 221 ΟΟΜΜ.
836 159 900 221 ΠΙ.
951 165 987 220 39

71 301 129 361 uti
143 301 272 380 capiant
285 307 318 362 ct
331 302 371 361 ad
385 307 486 362 castra
496 288 693 362 contendant.
726 304 837 374 Quare
848 323 989 365 concessa

71 399 164 470 laeti,
188 404 227 458 ut
244 399 408 477 explorata
427 399 568 470 victoria,
591 400 756 460 sarmentis
777 401 988 480 virgultisque

72 489 230 567 collectis,
253 496 369 574 quibus
392 496 489 556 fossas
511 497 719 556 Romanorum
743 497 925 577 compleant,
948 499 988 558 ad

70 597 183 652 castra
196 598 343 670 pergrmt.
379 593 431 654 19.
453 591 553 651 Locus
567 597 635 651 erat
648 597 818 653 castrorum

70 688 183 748 editus
196 695 230 748 et
243 687 398 766 paulatim
411 688 474 747 ab'
464 707 527 747 rmo
545 688 675 748 adclivis
694 673 818 750 circiter
837 659 898 750 iridi
897 665 988 751 ii‘iiu-
1012 715 1024 754 s

71 782 299 862 passusmille.
334 783 406 842 Huc
419 802 638 861 magnocursu
652 771 874 844 contende-⁸
837 762 956 812 west*

70 884 163 950 runt,
188 884 227 938 ut
250 899 345 956 quam
368 877 534 938 minimum
556 879 653 958 spatii
676 879 717 940 ad
740 899 774 941 se
797 881 987 962 colligendos

71 974 305 1052 armandosque
328 973 476 1034 Romanis
500 974 636 1047 daretur,
661 975 891 1055 exanimatique
917 997 986 1056 per-

70 1075 244 1131 venerunt.
277 1069 411 1131 Sabinus
419 1090 490 1130 suos
499 1070 644 1132 hortatus
654 1073 852 1152 cupientibus
860 1074 986 1152 signum

70 1167 138 1226 dat.
183 1165 351 1244 Impeditis
373 1165 516 1226 hostibus
537 1171 665 1244 propter
681 1187 726 1238 ea,
740 1187 820 1244 quae
834 1170 984 1241 ferebant,
998 1203 1023 1232 ιο

70 1257 171 1322 onera
193 1263 299 1322 subito
320 1262 441 1321 duabus
463 1262 562 1340 portis
583 1263 776 1340 eruptionem
798 1264 866 1323 fieri
887 1265 984 1326 iubet.
1028 1329 1034 1340 x

71 1361 212 1420 Factum
226 1366 275 1419 est
288 1360 525 1438 opportunitate
538 1359 607 1431 loci,
622 1359 759 1420 hostium
772 1361 936 1424 inscientia
949 1381 985 1422 ac

70 1456 313 1534 defatigatione,
328 1455 448 1516 virtute
462 1455 601 1515 militum
615 1461 647 1514 et
661 1456 855 1535 superiorum
869 1478 985 1536 pugna-

68 1572 143 1612 rum
168 1552 400 1624 exercitatione,
422 1557 521 1610 utne
542 1571 641 1610 unum
662 1552 788 1630 quidem
808 1559 984 1615 nostrorum

69 1649 231 1728 impetum
252 1649 371 1707 ferrent
392 1667 428 1708 ac
449 1647 557 1707 statim
579 1654 669 1727 terga
690 1655 857 1712 verterent.
900 1653 982 1725 Quos
996 1681 1019 1721 ις

68 1744 243 1824 impeditos
264 1744 397 1822 integris
418 1744 540 1804 viribus
561 1745 679 1817 milites
702 1748 802 1806 nostri
826 1751 983 1809 consecuti

68 1859 226 1920 magnum
239 1859 405 1900 numerum
418 1859 523 1900 eorum
537 1840 732 1911 occiderunt;
747 1841 882 1920 reliquos
896 1844 982 1920 equi-

67 1944 120 1998 tes
134 1937 307 1997 consectati
320 1955 443 2016 paucos,
454 1937 510 2014 qui
523 1957 562 1995 ex
575 1936 652 2014 fuga
665 1943 836 2009 evaserant,
851 1938 982 2017 relique-
1044 1955 1046 1960 '

67 2039 157 2094 runt.
200 2033 252 2095 Sic
273 2053 336 2093 unc
354 2039 491 2112 tempore
509 2038 542 2092 et
556 2033 594 2091 de
607 2032 714 2092 navali
727 2053 835 2112 pugna
849 2021 981 2096 Sabinus

68 2137 103 2191 ct
118 2131 158 2190 de
173 2129 284 2191 Sabini
302 2130 434 2190 victorie
448 2129 561 2190 Caesar
577 2129 691 2188 certior
711 2130 813 2189 factus
834 2137 891 2203 est,
905 2132 981 2192 civi-
994 2157 1020 2188 ιο

67 2231 218 2304 tatesque
232 2245 337 2285 omnes
351 2245 383 2286 se
397 2225 506 2285 statim
521 2224 644 2284 Titurio
665 2224 859 2286 dediderunt.
900 2228 980 2290 Nam

68 2329 109 2384 ut
122 2313 169 2383 ad
178 2321 262 2382 bella
275 2321 472 2400 suscipienda
485 2319 648 2381 Gallorum
661 2321 761 2383 alacer
770 2343 806 2383 ac
819 2332 981 2405 promptus

69 2425 120 2480 est
142 2418 276 2489 animus,
291 2417 337 2477 sic
357 2416 461 2476 mollis
483 2436 519 2476 ec
540 2416 670 2478 minime
685 2419 833 2480 resistens
849 2422 888 2481 ad
902 2423 981 2483 cala·

69 2517 201 2578 mitatcs
215 2517 413 2596 perferendas
427 2535 515 2576 mens
528 2535 634 2574 eorum
648 2522 705 2576 est.

114 2615 176 2676 20.
198 2610 316 2672 Eodem
331 2613 395 2672 fere
408 2618 546 2690 tempore
556 2611 590 2672 P.
606 2611 743 2685 Crassus,
755 2633 824 2674 cum
837 2613 871 2672 in
882 2615 980 2693 Aqui·
992 2643 1017 2682 ,ς

69 2713 193 2773 taniam
227 2710 429 2790 pervenisset,
454 2729 532 2787 quae
559 2729 640 2790 pars,
667 2716 705 2770 ut
736 2717 809 2772 ante
828 2749 946 2791 ussum

70 2809 194 2869 dictum
229 2811 286 2878 est,
321 2811 354 2866 et
385 2806 547 2885 regionum
576 2807 746 2868 latitudine
777 2813 808 2868 et
829 2801 950 2850 mmm·
1070 2813 1074 2820 '

70 2903 279 2965 multitudine
305 2901 467 2962 hominum
490 2921 529 2960 ex
552 2902 646 2962 tertia
673 2908 762 2980 parte
785 2901 906 2962 Galliae
932 2901 980 2964 est

71 3000 276 3072 aestimanda,
291 3019 361 3059 cum
382 2997 580 3076 intellegeret
597 2999 632 3056 in
645 2998 685 3057 iis
698 2998 773 3058 locis
787 2993 848 3059 sibi
861 2999 978 3061 bellum
