2194 3358
110 148 155 218 4,
277 93 281 96 ¹
370 141 403 202 o.
420 141 518 202 nur
537 139 742 203 eiuscius
986 157 1023 200 ιι.
1090 161 1096 247 1

110 285 149 344 ad
176 283 260 346 hunc
287 291 413 364 propter
446 286 601 346 iustitiam
635 264 895 364 prudentiamque
929 303 1024 344 suam

109 381 208 441 totius
240 380 318 440 belli
344 401 495 442 summam
522 381 661 441 omnium
687 380 851 441 voluntate
883 380 1023 451 deferri3

110 475 224 554 oppida
256 475 371 539 bebere
403 495 532 537 numero
559 476 729 547 duodecim,
752 475 894 554 polliceri
927 475 1023 536 milia

84 561 94 580 ⁴
109 576 229 631 armata
242 571 491 652 quinquaginta;
512 572 643 632 totidem
656 571 798 643 Nervios,
812 571 868 650 qni
881 573 1023 631 maxime

85 665 168 732 sferi
195 665 279 726 inter
311 666 395 744 ipsos
420 666 596 726 habeantur
623 664 865 743 longissimeque
892 664 1022 735 absint3

109 762 288 838 quindecim
308 763 396 823 rnilia
413 763 591 832 Atrebates,
605 761 776 821 Ambianos
791 761 896 820 decem
916 760 1021 830 milia,

25 921 29 925 ,
68 916 71 922 ,
110 857 247 918 Morinos
260 859 400 937 quinque
419 865 452 918 et
465 857 584 936 viginti
603 856 701 927 milia,
715 855 875 934 Menapios
895 862 1021 934 septem

110 952 207 1025 milia,
222 952 347 1014 Oaletos
364 955 468 1014 decem
489 954 587 1025 milia,
602 953 793 1014 Veliocasses
806 958 838 1012 et
852 951 1021 1013 Viroman-
1095 965 1096 982 ³

110 1048 187 1118 duos
214 1049 355 1121 totidem,
378 1049 558 1109 Aduatucos
584 1049 689 1108 decem
716 1054 749 1108 et
769 1065 882 1108 novem
909 1047 1020 1119 milia;
1048 1047 1054 1059 “

73 1171 98 1202 ιο
110 1145 292 1218 Condrusos,
311 1145 480 1218 Eburones,
494 1145 664 1216 anroesos,
684 1144 861 1215 Paemanos,
875 1144 936 1221 qui
953 1161 1020 1203 uno

108 1241 232 1302 nomine
255 1242 402 1304 Germani
424 1241 632 1321 appellantur,
655 1239 804 1300 arbitrari
821 1240 862 1300 ad
882 1239 1018 1317 quadra·

109 1336 199 1415 ginta
211 1337 308 1398 milio.

52 1529 58 1539 .
108 1486 251 1532 warna„
320 1436 352 1496 5.
375 1433 487 1496 Caesar
500 1433 611 1495 Remos
627 1433 806 1494 cohortatus
827 1431 1018 1492 liberaliter-

108 1542 240 1638 ppsppotppp
280 1548 341 1608 que
363 1530 500 1590 oratione
525 1535 705 1609 prosecutus
724 1547 846 1588 omnem
869 1533 1017 1588 senatum

72 1654 95 1692 ις
108 1639 210 1730 papaver
280 1628 320 1686 ad
341 1646 373 1688 se
387 1627 552 1686 convenire
565 1626 804 1704 principumque
824 1625 938 1686 liberos
962 1625 1017 1684 o'b·

149 1699 181 1729 ¹¹⁹⁸
279 1724 360 1784 sides
376 1725 416 1783 ad
432 1743 464 1783 se
482 1724 594 1784 adduci
610 1723 711 1782 iussit.
753 1723 838 1794 Quae
851 1721 956 1781 omnia
975 1723 1017 1780 ab

109 1819 159 1880 his
180 1819 350 1900 diligenter
363 1821 403 1880 ad
416 1820 498 1880 diem
512 1820 692 1880 factasunt.
733 1818 805 1898 Ipse
819 1817 1015 1878 Divitiacum

108 1916 252 1976 Aeduum
272 1935 458 1995 magnopere
478 1915 657 1976 cohortatus
675 1916 773 1986 docet,
788 1920 906 1992 quanto
920 1931 1016 1992 opere

108 2011 153 2071 rei
179 2013 323 2091 publicae
350 2013 581 2092 communisque
609 2010 721 2072 salutis
747 2010 875 2070 intersit
900 2029 1016 2069 manus

71 2107 246 2168 ”hostium
270 2109 423 2180 distineri,
447 2128 487 2168 ne
510 2127 580 2168 oum
602 2112 692 2167 tanta
718 2105 923 2166 multitudine
948 2123 1015 2164 uno

109 2209 247 2282 tempore
274 2204 504 2281 confligendum
526 2204 578 2263 sit.
619 2204 659 2262 Id
680 2203 748 2263 fieri
770 2203 866 2281 posse,
890 2201 919 2260 si
939 2219 1015 2260 suas

109 2298 212 2375 copias
233 2297 335 2358 Aedui
359 2298 394 2356 in
415 2298 493 2358 fines
516 2298 751 2359 Bellovacorum
777 2295 1022 2360 introduxerint.

108 2399 141 2453 et
166 2412 271 2453 eorum
293 2413 384 2472 agros
403 2396 547 2474 populari
568 2397 734 2476 coeperint.
774 2394 835 2453 His
856 2392 1013 2453 mandatis

107 2507 179 2549 enm
205 2491 245 2550 ab
271 2508 304 2550 se
330 2491 474 2552 dimittit.
515 2493 683 2570 Postquam
709 2509 815 2550 omnes
841 2487 1011 2566 Belgarum

70 2587 210 2667 astopiae
237 2587 273 2646 in
292 2605 390 2648 unum
417 2589 518 2649 locum
544 2594 663 2650 coactas
683 2589 723 2648 ad
742 2607 776 2646 se
795 2584 904 2645 venire
925 2583 1011 2643 vidit

106 2703 205 2762 neque
225 2683 287 2744 iam
308 2684 400 2763 longe
418 2685 523 2744 abeam
543 2685 583 2744 ab
602 2683 651 2755 iis,
665 2702 742 2762 quos
755 2682 890 2752 miserat,
905 2679 1011 2758 cxplc

106 2774 260 2839 nitoribus
283 2785 316 2838 et
343 2781 383 2838 ab
410 2779 515 2838 Remis
538 2779 693 2857 cognovit,
716 2778 832 2836 fiumen
856 2767 1010 2846 Axonam,

106 2875 188 2950 quod
212 2873 315 2934 estin
338 2873 486 2934 extremis
507 2874 672 2934 Remorum
694 2872 818 2942 finibus,
837 2870 1012 2932 exercitum

106 2974 267 3033 traducere
286 2969 467 3042 maturavit,
482 2975 577 3048 atque
589 2969 635 3028 ibi
649 2973 750 3028 castra
768 2966 881 3046 posuit.
924 2966 1012 3038 Quae
1094 2993 1095 3006 ¹
