2196 3368
70 139 183 220 24-25.
224 141 289 208 611
307 140 452 245 entre
475 125 657 208 6111166
680 131 811 208 eorm
830 142 893 208 111.
941 147 980 242 ee

11 337 13 340 -
68 290 196 374 diutius
218 307 282 350 non
303 293 453 367 oportere,
469 287 547 366 quin
569 289 609 348 ad
629 296 730 350 castra
751 289 860 362 iretur,
874 290 981 350 cohor-

68 393 159 447 tatus
182 405 254 463 suos
276 384 420 444 omnibus
442 385 641 464 cupientibus
662 387 702 445 ad
723 385 860 446 hostium
881 391 982 446 caetra
1058 439 1062 449 ,

67 482 246 554 contendit
290 483 347 543 25.
369 481 420 540 Ibi
442 487 512 540 cum
533 481 589 541 alii
611 481 707 542 fossas
730 501 811 542 com-
1017 486 1021 492 '

68 579 205 658 plorent,
215 576 272 636 alu
282 575 392 636 multra
402 576 475 637 16116
483 577 628 638 6611166116
637 578 810 641 defensores
830 541 975 694 &cefff
1058 639 1062 643 .

68 675 159 734 vallo
170 672 467 749 munitionibusque
471 672 670 750 depellerent,
682 654 876 734 auxiliaomn
1007 701 1020 738 s

68 789 195 848 resque,
211 769 326 847 quibus
340 769 379 828 ad
393 788 532 846 pugnam
545 789 608 829 non
621 769 757 828 multum
771 769 899 830 Crassus
913 787 982 827 con·

69 867 202 936 fidebat,
233 863 392 943 lapidibus
423 864 557 942 telisque
584 865 857 926 subministrandis
883 871 916 926 ct
943 863 983 924 ad
1023 855 1028 860 ’

69 979 222 1042 aggerem
257 960 427 1038 cespitibus
462 962 688 1039 comportandis
721 961 855 1041 speciem
888 967 982 1038 atque

69 1059 255 1139 opinionem
282 1057 492 1137 pugnantium
519 1061 710 1136 praeberent,
738 1079 808 1120 cum
834 1059 911 1118 item
942 1057 982 1116 ab

69 1156 220 1216 hostibus
231 1159 407 1214 constanter
417 1175 452 1214 ac
462 1174 523 1214 non
535 1155 645 1214 timida
655 1160 848 1234 pugnaretur
857 1155 982 1230 telaque
996 1185 1021 1214 ιο

70 1274 110 1314 ex
124 1253 195 1312 loco
209 1250 367 1328 superiore
380 1251 474 1310 missa
495 1270 558 1310 non
571 1251 689 1310 frustra
701 1251 882 1320 acciderent,
897 1249 983 1326 eqni·
1086 1323 1087 1326 Ἴ

68 1356 117 1410 tes
133 1346 311 1408 circumitis
324 1346 463 1406 hostium
477 1347 587 1406 castris
598 1345 707 1408 Crasso
721 1347 984 1408 renuntiavenmt
1020 1346 1024 1353 '

68 1457 133 1506 non
147 1443 259 1504 eadem
272 1461 338 1502 esse
351 1441 517 1520 diligentia
530 1443 570 1500 ab
586 1443 754 1503 decumana
775 1429 865 1522 porta
883 1446 984 1502 castra

69 1539 201 1601 munita
228 1537 412 1616 facilemque
439 1538 560 1598 aditum
582 1538 705 1601 habere.
751 1541 810 1602 26.

70 1637 207 1701 Crassus
220 1633 362 1743 equitum
381 1635 551 1713 praefectos
573 1633 761 1708 cohortatus,
774 1641 813 1694 ut
831 1607 892 1697 inab
881 1605 1021 1706 1111111116

69 1731 198 1809 magnis
219 1729 365 1808 praemiis
386 1729 725 1808 pollicitationibusque
741 1751 812 1791 suos
832 1717 937 1806 {ibin
917 1705 970 1746 Μ’

69 1828 260 1898 excitarent,
274 1827 351 1904 quid
364 1826 433 1886 fieri
446 1826 550 1898 vellet,
565 1828 711 1886 ostendit.
747 1817 843 1898 Π11,Β
832 1806 946 1853 mum

71 1923 541 2014 116161166616111111,611116116
556 1928 689 2000 quatuor
704 1922 889 1993 cohortibus,
904 1889 985 2000 quac

70 2005 232 2100 praesidio
245 2018 356 2078 castris
370 2019 496 2078 relictae
509 2017 638 2076 intritae
655 2019 694 2076 ab
712 2019 817 2077 labore
839 2023 984 2091 emutat

71 2115 219 2192 longiore
232 2114 345 2174 11111616
358 2113 586 2184 circumductis,
600 2133 640 2172 ne
661 2135 699 2172 ex
721 2114 858 2174 hostium
874 2115 984 2174 castris
997 2137 1023 2172 11

72 2210 229 2290 conspici,
243 2215 377 2288 possent,
405 2210 543 2271 omnium
569 2210 667 2270 oculis
694 2211 914 2290 mentibusque
944 2210 985 2270 ad
1009 2252 1012 2256 -
1079 2235 1087 2250 *κ

71 2326 219 2388 pugnam
246 2307 379 2366 intentis
405 2307 547 2366 celeriter
574 2307 614 2366 ad
641 2327 701 2380 eas,
729 2328 807 2386 quas
838 2308 984 2380 diximus,
1061 2323 1087 2372 μ

73 2401 270 2463 111161116166
292 2407 503 2479 pervenerunt
523 2406 617 2478 atque
635 2401 685 2462 his
699 2404 836 2481 prorutis
850 2405 937 2483 prius
950 2405 985 2463 in

71 2497 216 2558 hostium
228 2495 339 2556 castris
347 2496 564 2568 constiterunt,
572 2515 666 2573 quam
676 2497 769 2574 plane
776 2498 817 2557 ab
825 2498 874 2556 his
885 2499 986 2558 videri

12 2651 16 2656 .
76 2597 144 2663 aut,
160 2591 239 2668 quid
252 2591 298 2651 rei
314 2595 483 2670 gereretur,
497 2590 637 2668 cognosci
658 2597 769 2669 posset.
811 2591 891 2650 Tum
912 2612 1051 2659 161615,

11 2739 12 2744 ,
77 2681 215 2754 clamore
229 2687 269 2747 ab
282 2707 319 2746 ca
332 2692 422 2766 parte
435 2686 543 2746 audito
560 2687 660 2746 nostri
677 2687 896 2766 redintegratis
910 2687 987 2746 viri-

78 2784 149 2856 bus,
166 2783 250 2860 quod
273 2783 455 2862 plerumque
476 2782 511 2840 in
532 2802 587 2860 spe
607 2782 755 2842 victoriae
768 2782 904 2842 accidere
918 2801 987 2842 oon-
1086 2813 1087 2819 1

79 2879 198 2950 suevit,
213 2879 314 2943 acrius
327 2879 510 2956 impugnare
521 2884 694 2956 cooperunt.
726 2878 839 2939 Hostes
849 2880 988 2958 undique

76 2975 289 3037 circumventi
305 2973 476 3053 desperatis
493 2973 636 3032 omnibus
656 2974 749 3034 rebus
766 2992 799 3034 so
813 2994 867 3054 per
886 2975 989 3035 muni-
