2194 3358
51 145 151 218 3*6--
188 143 251 203 er
269 103 414 206 eruto
435 124 618 207 estmoe
640 143 768 208 eoum
784 131 855 209 ΠΙ.
923 143 973 210 ts
1015 183 1019 188 ,

51 281 134 342 fieri
141 281 229 342 nihil
239 290 371 363 poterat,
382 283 489 344 eonon
497 287 762 348 mododefessoex
772 307 975 367 pugneexoe·
994 315 997 326 s

53 380 169 450 uendi,
192 381 246 440 sed
266 401 306 439 ue
326 381 430 440 seuoio
450 381 575 458 quidem
597 382 663 442 eius
686 383 756 453 looi,
777 384 832 442 ubi
861 385 974 445 eonsti-

53 481 155 546 teret‚
171 475 371 552 relinquendi
384 496 420 535 ao
434 477 483 535 sui
496 477 666 556 reeipiendi
685 479 817 538 facultas
831 481 972 541 debstm.

41 573 90 658 ·5.
116 571 201 632 Oum
215 571 279 630 iam
292 571 428 648 emplius
442 571 526 630 horis
540 592 595 632 sex
605 574 801 634 eontinenter
820 608 901 658 rnngs
909 617 945 648 m

55 673 261 747 pugnaretur
274 687 310 726 ao
323 687 386 726 non
405 667 505 726 solum
525 655 616 739 vires,
632 671 685 728 sed
707 671 801 728 etiam
820 658 976 758 ξὴᾞξῖζῗιζι
997 669 1010 708 ⁵

56 763 259 822 tela-nostris
272 761 448 832 defioerent,
463 768 558 839 atque
577 763 682 822 hostes
699 765 800 822 aerius
819 759 937 798 ηοω·
1031 839 1036 845 ,

57 853 221 920 instarent
234 857 545 935 languidioribusque
563 859 677 918 nostris
691 859 811 920 vellum
831 859 970 920 soindere

59 960 93 1013 et
116 954 217 1020 sesses
237 953 390 1030 eomplere
410 954 589 1032 eoepissent‚
612 975 721 1032 resque
744 961 824 1015 esset
847 956 910 1015 iem
930 955 970 1014 ed

58 1054 240 1109 extremum
253 1049 403 1126 perducta
417 1067 529 1120 casum,
543 1049 674 1108 Publius
685 1049 810 1110 Sextius
824 1051 968 1120 Boculus,

60 1146 159 1224 primi
181 1145 240 1223 pili
260 1145 410 1216 centurio,
432 1145 524 1222 q'uem
543 1146 677 1208 Nervioo
697 1146 813 1223 proelio
834 1146 969 1224 oompln·
983 1144 1007 1172 ¹⁰

59 1243 150 1304 ribus
171 1242 345 1323 oonfeetum
365 1241 547 1300 vulneribus
568 1241 711 1312 diximus,
726 1247 758 1298 et
777 1241 853 1299 item
872 1240 969 1300 Gaius

59 1339 250 1410 Volusenus,
270 1335 418 1397 tribunus
438 1338 585 1408 militum,
599 1338 649 1396 vir
669 1343 701 1396 et
721 1337 842 1397 consilii
861 1331 968 1414 magni
1048 1357 1052 1362 ’

58 1441 92 1496 et
111 1435 253 1504 virtutis,
268 1435 309 1494 ed
329 1433 461 1494 Galbam
480 1434 652 1492 edourrunt
672 1439 766 1511 etque
783 1453 880 1492 unam
901 1453 966 1494 esse

57 1551 146 1609 spem
168 1529 282 1590 salutis
304 1530 423 1600 dooent,
447 1529 474 1588 si
501 1529 662 1606 eruptione
686 1529 769 1587 fecte
793 1535 965 1588 extremum

57 1625 215 1686 auxilium
243 1620 466 1702 experirentur.
516 1623 628 1700 Itaque
655 1625 829 1683 convocatis
860 1631 966 1684 centu·
980 1627 1003 1664 ¹⁵

57 1723 201 1782 tionibus
229 1721 371 1780 celeriter
399 1720 516 1780 milites
536 1719 681 1778 certiores
702 1720 786 1790 feeit,
808 1721 966 1798 paulisper

56 1820 308 1880 intermitterent
329 1817 480 1896 proelium
502 1837 538 1876 ao
557 1818 771 1876 tantummodo
791 1817 855 1876 tela
872 1817 966 1876 misse

58 1917 242 1994 exciperent
252 1933 345 1992 seque
355 1934 394 1974 ex
405 1913 509 1972 labore
523 1913 694 1982 rofioerent,
705 1917 776 1988 post
790 1911 862 1970 doto
875 1912 965 1989 signo

57 2013 201 2075 eoostrie
220 2015 418 2089 erumperent
438 2016 532 2086 etque
552 2027 674 2068 omnem
694 2026 779 2084 spem
799 2006 910 2066 salutis
930 2007 964 2065 in

57 2111 182 2170 virtute
208 2113 368 2185 ponerent.
418 2107 451 2168 6.
481 2104 570 2175 Quod
599 2102 676 2162 iussi
711 2107 794 2172 sunt,
815 2133 956 2184 mom„
976 2109 1002 2156 ²9

5 2209 6 2212 ’
58 2201 183 2261 faoiunt
196 2217 232 2257 eo
245 2197 349 2258 subito
363 2197 506 2257 omnibus
520 2193 618 2273 portis
632 2192 793 2272 eruptione
813 2185 951 2275 “ffigfflm

57 2300 142 2382 faeta
155 2315 258 2374 neque
272 2294 482 2372 eognosoendi
497 2291 573 2370 quid
586 2292 683 2363 fieret,
693 2309 794 2367 neque
813 2287 882 2325 reum.

59 2396 108 2455 sui
127 2391 298 2470 oolligendi
317 2392 458 2451 hostibus
479 2389 660 2449 feoultetem
680 2388 871 2465 relinquunt.
913 2387 964 2446 Its

59 2495 251 2552 commutata
271 2489 398 2546 fortuna
418 2505 477 2556 eos,
498 2485 555 2562 qui
574 2485 608 2543 in
632 2504 717 2560 spem
733 2483 963 2559 potiundorum

58 2574 231 2648 oestrorum
261 2589 421 2653 venerant,
448 2582 586 2658 undique
616 2579 840 2637 oiroumventos
867 2577 963 2634 inter·
975 2589 999 2624 2⁵

58 2684 172 2743 ficiunt
198 2687 231 2740 et
257 2700 296 2738 ex
319 2679 480 2738 hominurn
506 2675 633 2736 milibus
660 2673 793 2750 emplius
819 2670 962 2748 triginta,
1022 2740 1025 2744 ἱ
1092 2725 1093 2736 2

59 2799 152 2859 quem
166 2795 331 2854 numerum
349 2777 550 2836 barbarorum
570 2771 610 2832 ed
631 2776 731 2830 oestro
752 2767 872 2826 venisse
894 2786 962 2824 oon·
994 2844 999 2852 Ι

60 2871 173 2950 stabat,
189 2879 261 2957 plus
279 2877 373 2938 tertie
394 2880 483 2953 parte
504 2870 670 2933 interfecte
691 2867 825 2943 reliquos
847 2869 962 2941 perter-
1013 2957 1017 2961 q

60 2979 137 3036 ritos
149 2975 185 3034 in
195 2975 308 3052 ‚fugam
323 2971 481 3032 eonioiunt
493 2987 529 3027 eo
542 2987 582 3026 ne
594 2967 637 3024 in¹
647 2963 721 3024 loeis
735 2961 861 3037 quidem
875 2977 962 3036 supe-

825 3077 843 3116 r
