2194 3358
45 148 173 214 ιιι-ιε.
221 143 285 211 DE
302 142 451 213 Bulbo
467 149 648 214 GALLIOO
670 151 799 216 00an
817 148 866 226 Π.
937 161 973 214 13

46 294 142 355 Cum
167 309 207 354 ex
234 289 393 380 dediticiis
418 294 525 374 Belgis
552 295 742 376 reliquisque
767 297 868 358 Gallis
895 317 974 357 eom·
1072 291 1076 294 ’

45 387 169 465 plures
198 385 361 447 Caesarem
384 389 483 448 seauti
509 408 572 448 una
594 389 656 448 iter
679 391 825 464 facerent,
847 390 974 469 quidam

47 503 95 543 ex
117 483 182 556 his,
202 489 241 543 nt
264 490 372 563 postea
394 505 433 544 ex
455 471 769 564 eaptivis'oognitum
794 493 850 558 est,
868 507 973 548 eorum

48 581 185 639 dierum
208 579 432 640 consuetudine
459 581 584 640 itineris
603 583 703 640 nostri
724 584 882 642 exercitus
905 603 973 660 per·

49 682 180 756 specta,
196 682 287 736 nocte
321 677 361 736 ad
388 677 521 737 Nervios
549 686 778 756 pervenerunt,
794 685 900 762 atque,
921 679 971 738 his
998 710 1009 746 5

50 775 317 833 demonstrarunt
337 773 422 832 inter
443 773 584 851 singulas
611 773 750 852 legiones
771 773 971 852 impedimen-

49 877 166 929 torum
191 889 340 948 magnum
367 889 532 931 numerum
561 869 760 942 interoedere,
785 891 885 950 neque
905 891 970 932 esse

51 967 229 1044 quiequam
242 965 371 1044 negotii,
381 965 561 1044 comprima
574 965 657 1044 legio
670 967 705 1025 in
719 973 820 1026 eastra
833 969 970 1028 venisset

50 1061 261 1142 reliquaeque
294 1061 434 1140 legiones
463 1081 612 1140 magnum
646 1064 783 1140 spatium
816 1065 968 1138 abessent,

49 1160 139 1218 hano
168 1159 227 1216 sub
254 1157 383 1216 soroinis
410 1157 543 1228 adoriri3
564 1157 627 1235 qua
653 1159 744 1236 pulsi
770 1159 970 1237 impedimen·
984 1187 1008 1214 10

50 1256 163 1332 tisqua
188 1245 321 1331 direptis
344 1255 497 1325 futurum,
511 1260 548 1312 ut
569 1253 707 1331 reliquae
727 1255 840 1314 eontra¹
855 1257 968 1316 oonsis-

19 1335 24 1346 ¹
50 1357 124 1410 tere
145 1369 213 1409 non
240 1349 431 1412 auderent.)<
441 1349 623 1411 Adiuvabat
650 1349 744 1410 etiam
763 1370 871 1424 ¹eorum
898 1372 968 1412 oon·

51 1447 175 1517 silium,
190 1446 246 1524 qui
265 1465 331 1505 rem
352 1446 542 1520 deferebant,
555 1447 638 1524 quod
652 1447 762 1545 quvii
782 1449 967 1527 antiquitus,

51 1563 128 1602 oum
157 1533 412 1620 equitatu'nihil
438 1549 564 1620 possent
587 1541 703 1624 (neque
732 1544 814 1604 enim
843 1547 883 1606 ad
909 1547 967 1608 hoo

52 1632 183 1718 tempus
218 1638 248 1697 oi
281 1638 327 1697 roi
366 1638 503 1710 student,
537 1639 601 1711 sed,
642 1641 790 1720 quioquid
827 1650 965 1727 possunt,
982 1681 1004 1721 ις

53 1735 258 1816 pedestribus
278 1734 386 1794 volent
407 1734 529 1817 copiis),
544 1755 606 1813 qno
626 1736 750 1797 facilius
764 1739 966 1798 finitimorum

54 1832 247 1911 equitatum,
276 1831 303 1890 si
330 1831 500 1910 praedandi
527 1852 618 1892 eausa
645 1834 685 1892 ad
715 1854 765 1894 eos
799 1835 966 1905 venissent,

54 1927 260 2008 impedirent,
274 1927 390 1986 teneris
411 1927 572 1988 arboribus
592 1929 699 1988 inoisis
719 1935 813 2007 atque
833 1929 966 2000 inflexis,

55 2025 175 2085 crebris
198 2023 234 2082 in
255 2021 456 2084 latitudinem
476 2025 570 2084 ramis
589 2025 690 2084 enatis
709 2031 742 2084 et
765 2025 851 2084 rubis
873 2027 966 2086 senti-

55 2122 179 2199 busque
207 2120 398 2202 interieotisq
411 2121 585 2216 effeoprant,
607 2128 645 2180 ut
673 2121 773 2180 instar
799 2122 881 2181 muri
908 2121 966 2182 hoo
980 2154 1006 2181 ιο

56 2235 145 2296 sepes
167 2215 401 2276 munimentum
422 2218 614 2296 praeberent,
628 2237 689 2294 quo
710 2237 773 2277 non
793 2218 882 2278 modo
904 2239 966 2279 non

56 2313 184 2386 intrari,
207 2312 321 2373 sedne
341 2305 476 2392 perspici
496 2313 621 2392 quidem
642 2320 753 2392 posset.
795 2315 855 2382 His
875 2316 967 2376 rebus

57 2429 127 2472 oum
154 2410 221 2469 iter
247 2409 332 2488 agini
359 2410 365 2423 ”
397 2411 517 2470 nostri
543 2409 754 2489 impediretur,
782 2431 845 2472 non
878 2414 968 2474 omit·

57 2507 191 2567 tondum
205 2430 496 2592 mnsffirdnlftiewfi
509 2505 808 2577 existimaverunt.)t
819 2510 871 2570 18.
893 2510 967 2570 Loci

56 2607 172 2662 natura
181 2607 250 2661 erat
259 2601 344 2672 haeo,
354 2621 446 2679 quem
459 2601 560 2661 losum
574 2602 674 2661 nostri
687 2602 796 2662 eastris

58 2699 251 2778 delegorant.
305 2697 402 2758 Oollis
422 2698 462 2756 ab
486 2718 605 2758 summo
625 2699 797 2776 aequaliter
816 2712 937 2762 crunno

58 2794 188 2855 reclivis
224 2794 264 2854 aa
297 2794 413 2854 flumen
447 2794 561 2868 sabim,
588 2795 670 2872 quos
703 2815 797 2874 supra
816 2763 946 2852 ruerus

817 2659 947 2713 nuenpuon
982 2633 1008 2669 η

58 2889 300 2962 nominavimus,
329 2891 487 2968 vergebat.
529 2891 579 2950 Ab
606 2910 641 2950 eo
668 2891 796 2949 flumine
816 2871 883 2912 camp.

58 2988 124 3065 pari
146 2987 333 3047 adclivitate
354 2986 442 3070 oollis
468 2986 653 3046 nasoebatur
673 2986 820 3046 adversus
841 2986 915 3050 huie
935 2996 966 3049 et

826 3101 846 3141 n
