2194 3358
59 187 174 229 10-12.
216 167 278 228 or
297 123 440 228 aurae
461 167 648 230 orttroo
670 167 799 230 conr.
820 168 884 228 ΠΙ.
931 173 969 226 aa

55 313 264 391 intellegeret
277 331 383 372 omnes
405 313 469 373 fere
491 312 598 372 Gallos
619 313 710 373 novis
731 313 823 372 rebus
844 311 969 371 studere
1066 295 1069 300 ¹

55 410 148 468 etad
161 407 281 468 bellum
303 409 463 468 mobiliter
484 409 686 488 celeriterque
707 409 847 481 excitari,
863 423 983 476 omnes,
1067 399 1091 430 ‘⁵

54 512 168 566 autem
182 505 324 565 homines
341 511 456 565 natura
473 505 614 566 libertati
632 507 757 566 studere
771 511 804 566 et
817 504 968 566 condicio-

53 621 131 660 nem
157 601 322 660 servitutis
349 601 458 672 odisse,
482 601 665 680 priusquam
691 602 797 682 plures
824 601 968 662 civitates

53 697 285 776 conspirarent,
313 697 511 776 partiendum
541 698 602 757 sibi
630 717 666 757 ae
694 697 791 757 latius
819 697 968 756 distribu·
994 690 1040 758 ss

31 775 178 854 ’endum
215 793 386 852 exercitum
424 793 560 871 putavit.
610 794 655 856 ll.
686 793 798 871 Itaque

55 891 94 950 r.
118 889 297 949 mesenum
326 890 467 968 legatum
497 889 531 948 in
559 889 719 961 Treveros,
742 890 798 968 qui
818 855 969 948 tuum
1016 945 1020 949 .

53 986 197 1065 proximi
206 987 334 1044 flumini
348 987 457 1046 Rheno
470 993 553 1057 sunt,
572 1006 642 1046 cnm
655 987 798 1065 equitatu
817 960 894 1008 Μ

53 1082 172 1140 mittit.
224 1082 309 1142 Huic
335 1082 473 1153 mandat,
499 1082 610 1141 Remos
633 1082 829 1160 reliquosque
855 1083 969 1161 Belgas
1007 1149 1011 1154 ¹

7 1229 12 1238 .
54 1182 152 1240 adeat
176 1185 271 1258 atque
293 1181 328 1238 in
350 1180 446 1240 officio
468 1180 627 1240 contineat
651 1180 890 1258 Germanosque,
913 1180 969 1259 qui
983 1211 1008 1238 ιο

7 1315 8 1318 =
54 1276 179 1336 auxilio
207 1297 225 1335 a
249 1276 357 1354 Belgis
385 1275 526 1336 arcessiti
550 1275 742 1347 dicebantur,
767 1275 795 1334 si
821 1295 877 1354 per
903 1276 969 1334 vim

23 1399 29 1406 ·
54 1373 196 1431 navibus
223 1372 340 1431 flumen
366 1371 502 1431 transire
529 1378 689 1444 conentur,
711 1373 884 1452 prohibeat.
933 1373 968 1434 P.

55 1469 209 1529 Crassum
237 1487 307 1526 cum
334 1467 515 1528 cohortibus
540 1468 721 1547 legionariis
748 1469 909 1528 duodecim
936 1475 969 1528 et

54 1585 175 1653 magno
196 1583 327 1624 numero
348 1564 507 1642 equitatus
530 1564 565 1622 in
586 1564 792 1643 Aquitaniam
816 1566 967 1644 proficisci

54 1663 157 1732 iubet,
172 1681 213 1720 ne
227 1681 266 1721 ex
280 1659 330 1720 his
343 1660 525 1720 nationibus
542 1661 660 1720 auxilia
682 1661 716 1720 in
736 1661 872 1722 Galliam
894 1663 1006 1722 mit-1⁵

53 1763 331 1818 tanturactantae
340 1757 483 1818 nationes
493 1758 732 1836 coniungantur.
760 1759 796 1829 Q.
806 1759 966 1820 Titurium

56 1854 212 1916 Sabinum
226 1853 367 1932 legatum
382 1873 452 1912 cum
465 1851 642 1931 legionibus
655 1854 758 1912 tribus
771 1854 806 1912 in
820 1855 966 1916 Venellcs

55 1949 263 2012 Ouriosolites
287 1949 500 2027 Laxovicsque
526 1949 637 2019 mittit,
662 1949 718 2026 qui
744 1969 812 2008 eam
839 1970 965 2011 manum

55 2046 271 2106 distinendam
284 2051 380 2106 curet.
416 2045 578 2106 Decimum
589 2043 723 2103 Brutum
737 2045 965 2107 adulescentem

43 2141 161 2202 ‘classi
175 2140 368 2219 Gallicisque
392 2141 534 2211 navibus,
559 2159 636 2218 ques
663 2159 702 2200 ex
726 2140 907 2201 Pictonibus
933 2149 966 2203 et
981 2175 1007 2204 ,ο

55 2231 207 2298 Santonis
235 2235 425 2314 reliquisque
452 2236 571 2315 pacatis
597 2235 777 2314 regionibus
801 2238 966 2298 convenire

54 2333 200 2404 iusserat,
216 2332 412 2410 praeficitet,
426 2351 497 2391 oum
510 2331 646 2409 primum
659 2339 771 2411 posset,
784 2333 819 2392 in
829 2333 966 2396 Venetos

55 2428 212 2508 profieisci
222 2427 319 2487 iubet.
352 2427 423 2506 Ipse
434 2447 469 2487 ec
479 2427 675 2507 pedestribus
685 2429 782 2507 copiis
796 2432 964 2491 contendit.

57 2528 111 2588 12.
133 2525 238 2584 Erant
251 2523 402 2584 eiusmodi
419 2525 484 2584 fere
502 2524 582 2584 situs
599 2523 790 2602 oppidorum,
814 2559 969 2600 mmo,

55 2627 92 2680 ut
121 2619 228 2700 posita
253 2620 289 2679 iu
316 2620 464 2679 extremis
490 2619 623 2698 lingulis
648 2638 794 2699 promun-
812 2609 953 2699 ffifflg
981 2653 1005 2690 ας

54 2717 211 2794 turiisque
223 2735 325 2794 neque
341 2715 472 2795 pedibus
490 2715 610 2775 aditum
631 2714 791 2786 haberent,
811 2709 905 2750 aelus.

59 2835 131 2874 cum
155 2833 195 2872 ex
217 2811 282 2872 alto
300 2831 333 2872 se
351 2817 455 2872 aestus
473 2812 676 2884 incitavisset,
691 2811 774 2890 quod
791 2810 842 2870 his
855 2809 967 2870 accidit

55 2929 177 2990 semper
205 2909 352 2969 horarum
375 2907 537 2968 duodecim
562 2908 673 2987 spatio,
697 2926 798 2985 neque
821 2907 964 2978 navibus,
