2194 3358
35 143 166 204 12-15.
217 127 280 186 DE
298 126 442 189 Buteo
464 125 650 190 GALLIOO
673 129 799 191 OOMM.
823 132 870 194 II.
933 139 968 192 11

33 271 205 350 omnibus
218 289 257 328 ex
270 269 385 348 oppido
405 270 778 348 truditisin‘deditionem
792 274 970 336 Suessiones
984 273 989 280 ’

33 368 178 446 aceepit
193 366 426 442 exercitumque
444 366 479 426 in
497 367 676 428 Belloveoos
689 370 783 433 ducit.
824 372 885 442 Qui
899 391 969 432 eum

34 485 73 523 se
96 481 227 540 suaque
248 462 354 522 omnia
368 461 403 520 in
420 463 569 542 oppidum
585 465 843 544 Bratuspantium
862 475 970 529 oontu·
1002 517 1004 526 Α
1087 499 1088 506 1

34 561 177 630 iissent,
206 564 300 635 atque
328 559 368 616 ab
392 577 428 616 eo
455 559 568 636 oppido
596 560 708 620 Caesar
734 581 804 622 oum
831 565 968 626 exercitu

36 655 182 715 circiter
190 653 278 724 milia
287 673 434 732 passuum
442 655 580 732 quinque
588 656 717 730 abesset,
725 677 829 718 omnes
839 661 1005 720 maioress
1087 690 1088 694 ¹

35 757 131 810 natu
156 770 197 809 ex
215 749 330 827 oppido
350 749 597 830 egressumenus
610 752 649 812 ud
668 751 827 813 Gaesarem
842 757 967 816 tendere
1081 783 1084 799 ·

37 855 76 906 ot
102 863 185 904 vooe
208 844 385 922 significare
409 851 585 923 eoeperunt,
599 865 664 906 sese
685 847 800 908 ineius
820 849 912 910 fidem
931 874 966 914 eo

38 947 242 1019 potestatem
256 939 363 999 venire
382 959 481 1017 neque
502 947 611 1000 eontra
629 943 779 1021 populum
793 947 964 1006 Romanuin

39 1037 149 1097 armis
159 1036 364 1096 eontendero.
406 1037 498 1106 Item,
516 1057 585 1097 oum
605 1039 644 1096 ed
663 1040 811 1117 oppidum
825 1045 965 1102 eooessis-

40 1139 96 1192 set
113 1136 278 1208 nostraque
292 1131 338 1189 ibi
352 1138 489 1208 poneret,
501 1133 590 1209 pueri
604 1133 810 1212 mulieresque
824 1157 862 1195 ex
877 1155 963 1197 muro
977 1169 1002 1196 ιο

41 1227 153 1308 passis
163 1227 308 1285 menibus
318 1246 374 1286 suo
382 1246 466 1285 mors
476 1247 582 1304 paoem
593 1228 632 1286 ab
642 1229 787 1288 Romanis
796 1231 962 1308 petierunt.

42 1314 188 1388 14.“Pro
210 1323 261 1380 his
284 1322 461 1382 Divitiuous
483 1321 570 1401 (nam
592 1327 662 1400 post
683 1324 792 1384 disues-
812 1383 837 1422 m
854 1383 878 1422 m

42 1441 121 1482 sum
143 1415 473 1497 Belgarum,dimissis
496 1418 673 1479 Aeduorum
695 1421 799 1498 copiis,
810 1395 1036 1525 diffidere:
1049 1472 1088 1500 o.

41 1517 86 1575 ad
102 1535 175 1576 eum
190 1512 378 1593 reverteret)
393 1513 470 1573 feeit
484 1514 594 1572 verba:
612 1509 790 1576 Belleviioos
869 1514 875 1532 '

42 1612 134 1672 omni
148 1617 290 1689 tempore
303 1608 337 1667 in
350 1609 411 1668 fide
424 1614 520 1688 utque
532 1609 671 1670 amicitia
684 1610 822 1676 eivitatis
836 1614 959 1674 Aeduae
974 1643 998 1682 ις
1029 1597 1032 1604 “

42 1709 162 1767 fuisse:
192 1705 346 1783 impulsos
376 1725 395 1764 a
425 1705 491 1766 suis
513 1705 717 1784 prinoipibus‚
742 1709 799 1785 qui
823 1709 960 1770 dicerent

43 1805 173 1863 Aeduos
195 1823 214 1862 a
229 1801 358 1862 Oeesere
371 1801 407 1860 in
428 1801 611 1862 servitutem
635 1803 896 1883 redactos,omnes
913 1807 959 1864 in-

43 1897 222 1976 dignitates
238 1895 501 1972 oontumeliesque
520 1897 665 1974 perferre,
680 1903 713 1956 et
725 1899 764 1956 ab
778 1899 895 1958 Aeduis
909 1899 959 1959 do-

44 1993 156 2052 feeisse
170 1998 204 2052 et
217 1991 335 2070 populo
349 1992 485 2052 Romano
499 1991 617 2049 bellum
630 1991 782 2066 intulisse.
818 1993 878 2074 Qui
893 1995 958 2054 eius

45 2088 172 2149 oonsilii
185 2087 343 2166 principes
362 2085 503 2158 fuissent,
518 2085 601 2162 quod
619 2085 848 2164 intellegerent,
861 2109 952 2166 quan·
970 2119 998 2150 a·

44 2191 110 2243 tam
130 2171 343 2243 salamitatem
360 2181 482 2240 civitati
499 2180 689 2253 intulissent,
705 2181 739 2240 in
760 2183 956 2244 Britanniam

9 2279 11 2282 ’
45 2275 232 2353 profugisse.
276 2275 385 2334 Petere
398 2293 460 2331 non
474 2274 573 2332 solum
593 2273 781 2348 Bellovaoos,
795 2278 848 2336 sed
862 2278 956 2338 etiam

45 2391 99 2448 pro
113 2370 165 2430 his
179 2370 313 2440 Aeduos,
327 2374 364 2426 ut
378 2387 434 2428 sua
448 2368 610 2428 clementio
624 2389 659 2428 ao
672 2374 908 2444 mansuetudine
921 2375 956 2432 in

46 2488 94 2527 eos
108 2473 229 2526 utetur.
271 2464 359 2534 Quod
373 2463 401 2522 si
415 2464 532 2534 feeerit,
547 2465 725 2524 Aeduorum
738 2471 954 2540 auctoritatem

46 2563 128 2640 apud
152 2579 259 2620 omnes
282 2558 395 2635 Belgas
421 2558 700 2635 amplificaturum
728 2580 858 2636 quorum
880 2582 952 2622 aux·
966 2585 993 2652 ps

45 2661 107 2719 iliis
128 2663 225 2734 atque
245 2654 365 2734 opibus,
378 2654 406 2714 si
428 2673 489 2732 que
507 2653 590 2711 bella
608 2653 783 2729 inciderint,
804 2691 935 2730 mdobffim
987 2645 992 2651 ⁴
1053 2661 1060 2670 ’

46 2759 219 2812 sustentare
233 2749 419 2823 consuerint.
456 2749 506 2810 15.
529 2747 641 2808 Caesar
657 2749 782 2810 honoris
802 2741 952 2830 ffissfflssl·

47 2847 196 2908 Divitiaoi
218 2851 313 2921 utque
333 2844 512 2904 Aeduorum
534 2863 626 2903 eausa
647 2863 712 2904 sese
732 2864 782 2904 eos
802 2839 927 2886 ⁸¹¹⁸N⁰¹V¹¹⁹

9 2947 10 2952 ’
46 2945 77 3003 in
90 2944 184 3004 fidem
204 2945 402 3017 recepturum
424 2942 455 2996 et
476 2945 728 2997 conservaturum
751 2940 849 3012 dixit;
870 2943 952 3018 quod
