2194 3358
70 169 139 224 2·4.
206 135 269 222 or
286 147 432 213 numo
453 149 636 214 omnmo
657 153 784 217 ouum
805 155 852 218 Π.
962 161 980 216 3

68 297 186 356 fratres
208 294 515 373 oonsenguineosque
541 317 622 369 suos,
644 298 700 375 qui
724 299 830 359 eodem
857 299 925 358 iure
949 305 981 358 et
1048 358 1065 378 sq

67 387 170 450 isdem
198 391 326 470 legibus
345 380 493 463 utentur·
508 411 607 452 uuum
628 393 794 471 imperium
821 397 981 472 unumque

67 486 297 578 magistratum
310 506 380 546 oum
393 485 472 564 ipsis
485 485 632 560 habeant,
641 487 797 550 deterrere
810 489 980 569 potuerint,

66 582 150 659 quin
164 601 237 640 cum
250 581 301 644 his
315 581 537 642 consentirent.
959 619 962 624 ,

99 679 144 766 ,4,
168 677 249 737 Cum
275 678 317 736 eb
342 677 393 738 his
420 684 592 756 quaereret,
617 698 696 758 ques
720 679 864 740 civitates
885 666 981 759 queuss
1010 703 1021 744 s

65 780 184 851 tneque
214 775 250 832 in
273 774 369 833 ermis
390 781 552 835 essentet
573 777 650 854 quid
669 777 706 836 in
724 776 806 837 bello

65 876 208 948 possent,
225 870 479 949 sio-reperiebat:
507 871 672 950 plerosque
692 870 805 952 Belges
830 838 959 930 dindfdlrdse

66 987 137 1026 esse
160 971 245 1027 ortos
264 968 305 1027 ab
321 967 486 1028 Germanis
503 969 710 1048 Rhenumque
725 971 806 1030 anti·
831 940 978 1039 dfferipddssu

56 1055 183 1141 ¹quitus
205 1063 366 1123 traductos
384 1070 512 1142 prepter
530 1065 590 1124 leui
609 1063 807 1125 fertilitatem
832 1039 967 1128 ldffitlbl

58 1159 115 1218 sbi
138 1159 312 1218 censemus
329 1157 506 1237 senosque,
522 1159 578 1237 qui
591 1180 627 1219 ee
639 1161 707 1219 1002
724 1161 806 1218 ineo
832 1139 905 1178 lm·
998 1207 1022 1236 ,ο
1065 1161 1069 1166 ·

67 1256 184 1326 lerent,
199 1255 356 1333 expulisse
364 1254 507 1334 solosque
521 1272 595 1326 esse,
607 1255 663 1332 qui
673 1261 799 1334 potrum
807 1261 981 1314 nostrorum

67 1349 221 1410 memorie
241 1349 326 1408 omni
347 1349 452 1411 Gellio
472 1354 585 1410 vexate
606 1350 762 1410 Teutonos
781 1349 982 1426 Cimbrosque

67 1448 158 1505 intre
185 1433 264 1504 fines
290 1465 362 1505 suos
387 1446 512 1524 ingredi
539 1445 773 1524 prohibuerint;
802 1467 863 1524 qua
890 1465 983 1504 exre

67 1543 150 1614 fieri,
165 1542 216 1601 uti
229 1561 336 1600 earum
355 1561 460 1600 rerum
478 1541 626 1600 memorio
646 1561 791 1620 magnam
804 1541 865 1601 sibi
879 1547 983 1600 sueto-

68 1639 201 1698 ritstem
214 1657 406 1716 magnosque
426 1637 557 1716 spiritus
574 1637 610 1695 in
622 1657 657 1696 re
668 1637 801 1698 militari
814 1622 981 1697 sumerent.
996 1662 1019 1698 ιε

69 1735 118 1793 De
132 1753 265 1792 numero
285 1753 392 1793 eorum
412 1732 516 1792 omniu
537 1753 570 1792 se
589 1733 703 1793 hebere
717 1734 878 1812 explorata
892 1729 982 1792 Remi

69 1830 231 1900 dieebent‚
253 1834 417 1908 propterea
439 1829 522 1906 quod
540 1829 830 1908 propinquitatibus
851 1828 982 1886 affinita-

68 1926 221 2004 tibusque
242 1925 409 1995 oouimrcti,
424 1929 574 2003 quantem
594 1925 726 2003 quisque
747 1923 982 1983 multitudinem

68 2023 111 2080 in·
126 2021 288 2082 eommuni
308 2019 478 2098 Belgarum
498 2019 630 2080 eoncilio
649 2020 689 2079 ed
709 2019 742 2078 id
755 2018 983 2096 bellum'polli-

70 2117 157 2176 citus
183 2117 235 2190 sit,
257 2116 469 2194 eognuverint.
511 2114 686 2175 Plurimum
704 2114 789 2173 inter
811 2133 862 2174 eos
884 2113 984 2173 Bello·
997 2139 1022 2178 20
1082 2153 1094 2162 .,

69 2233 165 2274 venos
178 2215 220 2272 ‘et
233 2211 354 2271 virtute
374 2217 408 2271 et
421 2211 608 2272 auctoritate
622 2216 654 2271 et
673 2210 835 2273 hominum
855 2229 984 2270 numero

69 2309 194 2369 velere:
223 2307 281 2369 hos
302 2327 390 2386 posse
416 2307 565 2367 oonfioere
586 2313 707 2366 armeta
733 2307 822 2366 mille
849 2312 982 2382 centum,
1083 2335 1087 2338 ·

69 2405 231 2484 pollicitos
245 2424 285 2464 ex
298 2423 334 2464 eo
347 2420 476 2464 numero
492 2401 591 2464 electe
604 2403 777 2482 sexaginte,
791 2397 889 2464 totius
907 2402 982 2484 belli

70 2501 241 2581 imperium
254 2501 316 2561 sibi
324 2500 491 2579 postulare.
531 2500 709 2561 Suessiones
723 2518 794 2559 suos
808 2519 874 2560 esse
887 2499 984 2558 finiti-

71 2617 157 2669 mos‚·
171 2598 251 2656 fines
264 2595 434 2658 latissimos
442 2595 709 2673 femoissimosque
717 2614 808 2673 egros
819 2593 983 2673 possidere.
998 2613 1021 2650 2⁵

72 2694 169 2774 Apud
180 2691 343 2756 eosfiri'sse
356 2711 460 2770 regem
468 2695 576 2753 'nostra
589 2691 683 2752 etiam
695 2687 984 2752 memorie-Divitis-

64 2793 153 2861 ‘eu'mq
166 2787 404 2853 totius-Galliae
417 2787 678 2867 potentissimum,
694 2789 749 2865 qui
766 2801 836 2846 oum
854 2803 985 2862 magnae

71 2877 177 2966 partis
208 2877 329 2944 herum·
357 2884 532 2962 regionum,
567 2889 635 2945 tum
675 2883 769 2942 etiem
793 2880 985 2941 Britanniae

72 2978 244 3060 imperium
270 2975 464 3038 obtinuerit:
484 2984 582 3034 'nuno
609 2991 682 3034 esse*
701 2991 805 3050 regem
833 2971 984 3031 Galbam:
1093 3031 1094 3034 ,
