2196 3368
116 150 179 208 42·
370 144 403 208 o.
423 87 519 206 rem
539 86 838 206 crusnam.
948 133 1032 227 ‚nr

23 367 26 371 .
116 309 193 350 num
214 287 417 349 multitudine
435 286 553 348 bellum
578 305 684 364 gerere
707 289 869 381 conantru.
919 283 1033 346 Duces

96 415 101 420 ·“
116 408 189 448 vero
210 387 234 446 ii
255 385 448 465 deliguntur,
462 386 518 464 qui
539 405 603 445 una
624 403 696 444 oum
711 385 747 457 Q.
762 383 899 446 Sertorio
915 404 1032 446 omnes

20 584 31 596 “
116 579 229 638 habere
250 577 528 638 existimabantur.
582 576 628 636 Hi
662 577 885 637 consuetudine
911 577 1031 656 populi

91 673 248 742 sRomani
276 674 343 735 loca
373 693 490 754 capere,
518 679 620 732 castra
645 672 777 744 munire,
798 673 1030 737 commeatibus

116 777 237 832 nostros
251 771 458 832 intercludere
479 768 662 828 instituunt.
704 768 792 839 Quod
813 767 869 826 ubi
892 767 1029 830 Crassus

116 867 345 938 animadvertit,
360 884 432 927 suas
454 866 558 945 copias
580 870 707 944 propter
728 864 936 944 exiguitatem
958 885 1041 927 non-

116 962 206 1022 facile
228 962 341 1033 diduci,
355 961 476 1022 hostem
498 968 530 1022 et
551 961 661 1040 vagari
683 967 715 1020 et
736 960 805 1020 viae
826 960 969 1022 obsidere
990 967 1028 1021 et

6 1109 7 1114 ,
116 1058 224 1118 castris
251 1058 327 1118 satis
354 1057 501 1136 praesidii
528 1057 709 1135 relinquere,
737 1057 776 1116 ob
803 1077 871 1127 eam
895 1077 1024 1118 cansam

14 1205 17 1211 .
79 1155 219 1216 eominus
233 1155 388 1216 commode
399 1155 592 1214 frumentum
602 1157 865 1230 commeatumque
875 1152 938 1212 sibi
948 1173 1024 1235 sup-

114 1251 242 1328 portari,
256 1251 291 1310 in
304 1251 370 1310 dies
383 1249 520 1310 hostium
536 1269 700 1310 numerum
717 1248 834 1327 augeri,
848 1268 913 1308 non
928 1269 1026 1308 cunc-

114 1348 246 1406 tandum
259 1345 461 1417 existimavit,
476 1344 553 1423 quin
567 1365 674 1424 pugna
687 1345 868 1410 decertaret.
904 1345 1026 1405 Haere
1091 1395 1092 1408 .

114 1441 443 1504 adconsiliumdelata
452 1439 1024 1528 ubiomnesidemsentireintellexit,
1091 1409 1092 1494 l

16 1539 23 1544 “
113 1572 226 1662 hiim
285 1543 443 1616 posterum
451 1535 533 1598 diem
541 1556 665 1615 pugnae
674 1513 845 1598 constituit.
876 1537 938 1598 24.
953 1537 1026 1596 Pri-

113 1623 196 1712 ’1ξὲξέ
285 1653 336 1692 ma
356 1633 427 1694 luce
448 1632 606 1712 productis
628 1631 770 1693 omnibus
786 1631 882 1710 copiis
897 1633 1026 1713 duplici
1091 1685 1092 1720 ᾖ

77 1665 185 1764 illst
227 1799 231 1806 β
284 1726 349 1788 acie
377 1727 534 1798 instituta,
556 1727 714 1787 auxiliis
705 1749 740 1786 rn
762 1727 897 1790 mediam
920 1729 1023 1791 aciem

75 1851 93 1866 .‚
113 1823 267 1898 coniectis,
283 1825 359 1904 quid
380 1823 451 1884 host
438 1831 484 1885 tes
498 1825 620 1884 consilii
634 1831 789 1904 caperent,
805 1828 1021 1905 exspectabat.

49 1951 55 1960 ·
112 1922 175 1993 Illi,
190 1923 250 1982 etsi
263 1928 390 2002 propter
403 1921 639 1981 multitudinem
653 1927 685 1981 et
698 1928 836 1982 veterem
854 1923 932 1982 belli
952 1924 1023 2002 glo·
1091 1937 1092 2004 1

77 2051 84 2057 ·
111 2017 190 2077 riam
211 2017 461 2096 paucitatemque
482 2023 657 2076 nostrorum
678 2037 710 2077 ee
729 2023 798 2078 tuto
815 2007 1021 2080 dimicaturos
1091 2013 1092 2038 *

73 2139 99 2169 20
111 2100 339 2186 existimabant,
348 2121 453 2174 tamen
461 2114 562 2174 tutius
571 2133 635 2174 esse
644 2115 878 2175 arbitrabantur
885 2117 1024 2177 obsessis

72 2233 79 2238 ·
110 2211 171 2270 viis
185 2216 355 2271 commeatu
376 2210 545 2272 intercluso
567 2211 633 2270 sine
654 2211 720 2270 ullo
738 2211 868 2272 vulnere
882 2213 1022 2274 victoria
1091 2209 1092 2284 1

5 2317 6 2320 ’
110 2304 205 2382 potiri
219 2311 260 2374 et,
275 2303 302 2362 si
315 2310 441 2381 propter
451 2305 586 2383 inopiam
596 2305 642 2365 rei
652 2306 874 2366 frumentariae
883 2307 1021 2377 Romani
1091 2307 1092 2330 ¹

108 2417 174 2460 sese
183 2398 321 2477 recipere
333 2398 515 2478 coepissent,
530 2400 695 2480 impeditos
717 2390 896 2480 inagmine
910 2409 943 2466 et
957 2403 1019 2464 sub

109 2495 239 2557 sarcinis
261 2493 430 2568 infirmiore
451 2495 555 2556 animo
577 2496 693 2556 adoriri
712 2496 903 2574 cogitabant.
944 2497 1018 2560 Hoc
1091 2501 1092 2556 ζ

70 2614 94 2653 2⁵
107 2591 236 2654 consilio
257 2591 387 2671 probato
408 2593 448 2652 ab
470 2591 601 2652 ducibus
625 2592 783 2672 productis
805 2593 1018 2658 Romanorum
1091 2607 1092 2642 ³

106 2689 204 2768 copiis
231 2707 296 2749 sese
323 2687 433 2749 eastris
464 2688 624 2748 tenebant.
679 2688 748 2750 Hac
782 2708 816 2748 re
850 2696 1017 2770 perspecta

107 2783 244 2854 Crassus,
258 2803 328 2842 cum
350 2803 406 2842 sua
427 2783 623 2842 cunctatione
639 2787 738 2860 atque
760 2783 906 2860 opinione
926 2785 1014 2844 timi-
1091 2817 1092 2866 ;

106 2875 205 2934 diores
213 2877 317 2936 hostes
325 2882 446 2935 nostros
455 2875 571 2934 milites
579 2876 742 2936 alacriores
753 2879 793 2938 ad
804 2881 1014 2959 pugnandum
1091 2937 1092 2944 ,

78 3017 81 3020 ,
104 2967 282 3039 effecissent,
292 2976 386 3046 atque
394 2969 628 3030 omniumvoees
637 2971 829 3044 audirentur,
838 2977 1016 3056 exspectari
1091 2963 1092 3000 ³
