2194 3358
77 126 165 176 1-2.·
183 111 423 192 nuenmo
445 106 627 182 cretico
650 119 776 182 ocur.
799 118 862 182 ΠΙ.
945 71 995 181 π

74 253 191 334 legatis
214 260 437 340 obsidibusque
458 263 539 322 datis
561 269 593 322 et
616 283 691 343 pace
714 264 796 324 facto
819 263 984 324 constituit

74 351 217 416 cohortes
239 356 317 418 duas
338 358 374 418 in
392 359 606 420 Nantuatibus
627 360 774 438 collocare
787 367 820 420 et
833 361 899 439 ipse
913 379 983 419 cum

72 447 206 526 reliquis
215 452 288 512 eius
301 453 436 532 legionis
449 455 627 515 cohortibus
641 455 674 514 in
685 457 754 516 vico
765 457 989 535 Veragrorum,

72 545 133 620 qui
145 548 326 626 appellatur
336 549 520 622 Octodurus,
531 552 667 612 hiemare
677 576 684 623 ;
700 552 755 630 qui
765 551 853 612 vicus
864 555 983 632 positus

72 640 106 725 in
122 643 212 702 valle
230 665 293 705 non
315 667 429 726 magna
442 649 563 723 adiecta
576 647 709 727 planitie
723 649 884 709 altissimis
898 669 982 710 mon·
1009 673 1020 710 s

71 737 160 797 tibus
174 739 315 819 undique
328 743 515 804 continetur.
558 743 637 804 Oum
657 743 709 802 hic
729 744 763 804 in
783 745 860 806 duas
878 752 982 826 partes
1021 815 1024 819 ,

71 833 206 895 flumine
220 836 425 912 divideretur,
439 839 570 912 alteram
583 846 706 920 partem
724 840 790 900 cius
804 841 867 902 vici
881 841 993 902 Gallis.

70 931 113 990 ad
136 929 341 996 hiemandum
364 937 526 1008 concessit,
548 936 680 998 alteram
701 958 831 998 vacuam
853 939 981 1000 abillis

69 1025 218 1108 relictam
245 1030 424 1108 cohortibus
452 1033 609 1094 attribuit.
660 1035 742 1096 Eum
758 1034 870 1106 ,locum
897 1037 981 1096 vallo

69 1123 217 1203 fossaque
235 1128 383 1200 muniuit.
427 1131 460 1201 2.
483 1128 561 1192 Cum
581 1131 648 1202 dies
663 1131 810 1202 ,hiberno-
1089 1115 1090 1122 ἵ

68 1239 142 1280 rum
156 1223 332 1302 complures
346 1225 541 1300 transissent,
556 1227 810 1304 frumentumque
829 1195 964 1290 md?

68 1336 107 1376 eo
120 1321 311 1397 comportari
323 1321 474 1394 iussisset,
483 1321 589 1394 subito
603 1343 658 1402 per
671 1323 810 1402 explora·
830 1297 928 1346 Bm
1022 1309 1029 1318 ²

68 1419 155 1474 tores
174 1417 289 1490 certior
303 1419 407 1480 factus
418 1423 467 1480 est
480 1438 519 1478 ex
533 1439 569 1478 ea
582 1425 671 1497 parte
687 1419 759 1491 vici,
773 1439 866 1497 quam
880 1415 980 1490 Gallis

68 1519 274 1585 concesserat,
288 1534 394 1575 omnes
415 1519 510 1574 noctu
524 1514 707 1590 discessisse,
722 1521 911 1594 montesque,
925 1515 980 1594 qui

68 1605 334 1684 impenderenta?
353 1610 490 1670 maxima
510 1610 714 1672 multitudine
733 1611 928 1673 ¹Sedunorum
948 1617 1017 1678 et15

70 1701 287 1782 Veragrorum
301 1705 410 1764 teneri.
452 1705 492 1764 Id
511 1705 632 1784 aliquot
651 1705 689 1766 de
710 1707 981 1790 causislacciderat

70 1803 109 1856 ut
129 1799 238 1860 subito
259 1799 345 1862 Galli
365 1801 442 1860 belli
462 1800 633 1860 renovandi
656 1800 849 1880 legionisque
876 1801 980 1880 oppri-

52 1927 54 1934 ‹
70 1897 208 1969 mendae¹
218 1897 383 1971 consilium
397 1904 560 1976 caperent:
575 1897 720 1976 primum,
731 1897 814 1973 quod
827 1896 980 1974 legionem

69 2013 174 2072 neque
188 1995 482 2074 camplenissimam
497 1994 646 2054 detractis
664 1993 841 2052 cohortibus
861 1993 980 2052 duabus

69 2098 102 2166 et
125 2091 340 2170 compluribus
361 2091 558 2170 singillatim,
570 2089 628 2167 qui
649 2094 834 2148 commeatus
855 2091 980 2166 petendi
993 2112 1020 2138 20

69 2207 166 2262 causa
189 2188 279 2260 missi
305 2194 403 2260 erant,
428 2185 621 2264 absentibus¹
638 2191 764 2266 propter
791 2184 979 2264 paucitatem
1089 2181 1090 2256 ζ

69 2277 303 2364 despiciebant3
325 2291 393 2344 tum
413 2285 517 2356 etiam,
532 2283 615 2360 quod
635 2288 761 2364 propter
779 2282 979 2362 iniquitatem

71 2379 142 2450 loci,
157 2400 230 2440 cum
243 2379 306 2458 ipsi
320 2401 360 2440 ex
372 2379 531 2440 mentibus
545 2379 579 2438 in
593 2379 708 2438 vellem
730 2379 926 2438 decurrerent
947 2387 979 2437 ct

71 2477 136 2548 tela
158 2475 344 2550 conicerent,
358 2497 398 2552 ne
420 2474 700 2554 primumquidem
721 2493 809 2554 posse
827 2475 978 2552 impetum

71 2593 163 2633 simin
179 2573 334 2633 sustineri·
342 2572 573 2633 existimabant.
615 2569 797 2640 Accedebat,
812 2569 894 2646 quod
908 2589 977 2628 suos
991 2589 1014 2623 οε,

71 2669 113 2730 ab
124 2689 158 2728 se
172 2669 287 2728 liberos
301 2669 476 2744 abstractos,
484 2665 629 2746 obsidum
640 2665 764 2747 nomine
777 2663 932 2732 dolebant,
946 2671 978 2728 et

71 2765 227 2825 Romanos
249 2785 312 2824 non
334 2764 433 2827 solum
454 2755 723 2840 itinerum'causa,
737 2760 789 2820 sed
803 2759 896 2818 etiam
911 2778 978 2840 per-

71 2868 185 2941 pctuae
199 2861 402 2940 possessionis
416 2859 553 2920 culmina
565 2857 696 2938 Alpium
709 2874 856 2934 occupare
875 2845 978 2914 conari

70 2965 103 3020 ct
122 2979 160 3026 ea
181 2958 249 3020 loca
269 2957 423 3016 finitimae
436 2955 621 3038 provinciae
642 2953 811 3029 adiungere
831 2951 891 3011 sibi
909 2971 977 3030 per·
1046 2957 1049 2962 '
