2194 3358
52 151 169 213 19-21.
200 134 262 198 us
279 130 423 199 annuo
445 135 627 201 satureo
650 139 777 201 sonu.
800 141 865 224 rr„
930 147 966 202 15
1013 181 1016 188 .

41 281 195 342 turbatis
216 281 395 342 incredibili
423 283 583 344 eeleritate
610 285 650 343 ud
677 285 793 344 flumen
821 285 966 344 decucur-

41 383 176 449 rerunt,
201 384 239 438 ut
265 399 365 456 paene
385 399 450 438 uno
476 385 613 458 tempore
640 386 673 439 et
697 381 736 439 ad
760 381 856 440 silvas
879 387 911 440 et
932 381 967 438 in
1000 379 1003 386 '

41 473 187 533 flumine
200 479 234 533 et
243 473 310 546 iarn
323 473 358 534 in
372 475 516 536 manibus
528 475 645 535 nostris
658 476 762 536 hostes
775 475 965 538 viderentur.

43 569 176 650 Eiidem
204 575 310 630 autem
336 564 497 631 celeritate
517 572 650 633 adversb'
681 571 764 632 colle
786 573 826 632 ad
859 579 967 633 nostra
992 565 996 568 ’

17 669 274 745 uestramque
297 685 358 739 eos,
372 666 428 747 qui
447 666 482 727 in
505 687 607 779 opere
617 668 760 747 occupati
780 673 878 740 erant,
896 687 966 729 con·
990 695 1002 733 s
1058 683 1060 692 ’

42 761 235 823 tenderunt
227 803 248 837 s
267 765 328 828 20.
343 763 468 827 Caesam
475 783 580 824 omma
588 783 650 825 uno
658 770 795 843 tempore

42 865 146 920 erant
186 859 324 939 agendas
368 859 522 920 vexillum
551 862 794 940 proponendum,
814 838 965 920 albeolae

43 955 139 1035 quod
160 955 261 1016 erat
250 956 375 1036 insigne
398 975 469 1016 cum
489 957 529 1016 ed
548 977 634 1017 arma
654 957 794 1018 concurri
785 931 923 972 ''mm''

44 1058 222 1132 oporteret,
235 1053 363 1132 signum
383 1053 462 1114 tuba
479 1053 626 1125 dandum,
641 1055 680 1114 ab
694 1073 785 1133 opere
799 1055 964 1116 revocandi

45 1149 184 1222 milites,
211 1149 268 1227 qui
294 1148 389 1228 paulo
414 1149 541 1228 longius
567 1149 692 1228 aggeris
718 1150 845 1227 petendi
872 1169 963 1210 eausa
978 1175 1002 1202 ιο

45 1250 278 1326 processerant,
308 1245 490 1316 arcessendi,
518 1245 599 1304 acies
629 1244 820 1316 instnrenda,
848 1245 964 1305 milites

46 1340 249 1414 cohortandi,
264 1340 390 1420 signum
410 1341 556 1400 dandum.
575 1381 577 1384 -
599 1341 737 1413 Quarum
756 1361 859 1402 rerum
879 1361 965 1422 mag-

45 1457 126 1498 nam
140 1443 265 1517 partem
285 1436 434 1516 temporis
454 1437 592 1498 brevitas
605 1443 638 1496 et
658 1457 814 1497 successus
827 1437 964 1498 hostium
984 1484 994 1494 .

46 1533 254 1612 impediebat.
310 1533 371 1592 His
407 1531 643 1593 difficultatibus
676 1533 755 1592 duae
792 1553 841 1594 res
874 1541 964 1595 erant

46 1627 203 1699 subsidio,
217 1625 349 1688 scientia
362 1632 457 1706 atque
470 1647 545 1688 usus
558 1628 704 1701 militum,
716 1631 799 1708 quod
813 1631 963 1710 superior·
976 1635 1013 1700 ις’
1067 1643 1073 1652 ’

47 1724 123 1783 ibus
150 1723 279 1802 proeliis
306 1723 477 1797 exercitati,
504 1724 580 1802 quid
608 1726 676 1784 fieri
709 1731 873 1804 oporteret,
900 1746 964 1785 non

48 1821 156 1879 minus
184 1819 343 1879 commode
369 1819 432 1898 ipsi
459 1819 520 1878 sibi
554 1821 770 1898 praescribere,
798 1842 890 1898 quarn
924 1823 964 1880 ab

48 1919 122 1978 aliis
139 1919 246 1979 doceri
264 1924 419 1996 poterantr
435 1925 467 1978 et
491 1921 574 1996 quod
595 1921 635 1978 ab
657 1939 748 1998 opere
770 1919 985 1999 'singulisque

48 2013 231 2092 legionibus
265 2015 407 2092 singulos
433 2014 553 2094 lagatos
583 2015 694 2076 ansar
721 2015 875 2074 discedere
902 2005 986 2074 nisi³

50 2110 185 2170 munitis
221 2099 342 2168 castris
359 2115 511 2170 vetuerat.
553 2109 599 2168 Hi
632 2117 759 2189 propter
785 2111 963 2190 propinqui·
976 2139 1002 2165 ιο

49 2213 151 2268 tatem
179 2212 213 2265 et
240 2205 432 2266 celeritatem
460 2207 608 2290 hostium,
627 2207 710 2266 nihil
736 2208 798 2267 iam
826 2208 964 2269 Caesaris

52 2303 222 2383 imperium
242 2304 475 2382 exspectabant,
489 2304 542 2363 sed
563 2323 619 2382 per
639 2324 764 2384 se,quae
776 2305 970 2379 videbantur,

50 2399 327 2460 administrabant.
391 2401 443 2462 21.
465 2399 577 2460 Caesar
616 2402 794 2461 necessariis

52 2497 146 2557 rebus
182 2496 346 2574 imperatis
373 2495 413 2554 ad
440 2495 643 2555 cohortandos
669 2497 836 2568 militesfln
815 2461 882 2500 nrm
814 2471 947 2600 Rgmaogris

52 2607 147 2670 quarn
160 2591 197 2651 in
211 2597 332 2670 partem
346 2592 410 2652 fors
429 2591 555 2662 obtulit,
570 2591 757 2670 decucurrit,
763 2600 794 2652 et
814 2612 934 2660 troopsm
976 2633 1003 2669 ,3

53 2691 93 2748 ad
120 2688 293 2769 legionem
313 2688 463 2748 decimam
500 2688 636 2750 devenit.
678 2689 796 2748 Milites
814 2659 921 2700 ΜΝ
951 2708 954 2712 ·

53 2801 116 2845 uon
143 2781 289 2862 longiore
315 2783 454 2844 oratione
481 2784 670 2856 cohortatus,
695 2805 788 2864 quam
816 2786 865 2843 uti
891 2806 965 2846 suae

54 2880 209 2959 pristinae
236 2878 367 2938 virtutis
393 2878 572 2939 memoriam
606 2880 777 2940 retinerent
810 2899 871 2939 neu
898 2901 965 2959 per-

55 2977 262 3038 turbarentur
289 2975 393 3036 animo
417 2975 624 3061 „hostiumque
657 2971 815 3053 impetum
843 2976 967 3035 fortiter

788 3087 808 3128 ι)
829 3073 847 3128 2
