2194 3358
87 189 151 245 30-
152 190 202 246 3²·
245 169 309 228 Du
327 169 892 234 Butuooruuioooonu.11.
964 179 1001 232 23

57 275 142 372 >(31.
157 311 231 370 Ubi
259 331 333 370 vero
364 312 483 370 moveri
501 319 546 371 et
574 311 821 392 adpropinquare
843 281 1003 398 moenibus

84 407 250 478 viderunt,
264 425 347 466 nove
360 413 455 484 etque
468 407 621 467 inusitate
636 410 737 488 speeie
750 429 830 470 oom-

84 505 167 563 moti
182 504 527 583 legatosedCaeserem
538 503 577 564 de
585 525 659 585 paee
668 506 827 579 miseruut,
848 479 910 568 bu‘
897 479 961 569 mik
962 529 1000 569 uu

84 599 144 676 qui
172 600 213 658 ad
240 599 326 660 huno
347 601 472 659 modum
499 601 614 660 locuti:
637 621 700 661 non
722 603 828 661 existi-
848 579 941 620 maon

83 715 174 754 more
197 695 398 755 Romanos'
373 717 441 756 s1ne
463 717 520 775 ope
542 697 651 756 divino
672 698 788 757 bellum
811 717 926 776 gerere,
943 698 999 776 qui
1024 725 1035 762 s

83 797 198 851 tantae
208 792 388 851 altitudinis
401 793 646 852 machinationes
658 797 747 852 tante
758 794 917 853 eeleritate
931 813 999 872 pro-

83 907 213 946 movere
243 893 378 965 possent,
400 909 434 948 se
455 907 573 966 suaque
594 890 698 949 omnia
728 909 833 950 eornm
849 891 998 969 potestati

37 1041 43 1048 ,
82 983 270 1061 permittere
298 984 456 1044 dixerunt.
497 985 604 1044 Unum
631 991 736 1069 petere
759 1005 795 1046 ao
822 984 995 1066 depreceri:

81 1079 112 1138 si
135 1080 219 1138 forte
240 1099 374 1158 prosus
396 1081 561 1140 elementia
578 1101 615 1142 eo
635 1083 881 1153 mansuetudine,
896 1101 996 1160 quum
1080 1111 1084 1118 ²

81 1177 148 1254 ipsi
177 1176 217 1235 ab
250 1177 322 1236 aliis
355 1178 510 1248 audirent,
538 1178 698 1237 statuisset
725 1179 903 1238 Aduatuoos
931 1198 995 1237 esse
1010 1201 1034 1227 ω

81 1273 322 1344 conservandos,
342 1293 382 1333 ne
402 1293 436 1346 se
455 1272 550 1333 ermis
570 1273 762 1352 despoliaret.
804 1273 871 1333 Sibi
891 1274 995 1332 omnes

81 1369 151 1427 fere
164 1367 317 1428 finitimos
331 1389 396 1428 osse
410 1369 554 1430 ininiioos
569 1389 605 1429 ao
619 1389 692 1429 suae
707 1368 822 1428 virtuti
836 1369 976 1429 invidere
985 1393 1004 1440 o

80 1485 100 1522 e
123 1463 242 1542 quibus
263 1484 295 1523 se
317 1465 482 1524 defendero
502 1466 628 1524 traditis
649 1466 744 1524 armis
770 1485 832 1524 non
859 1471 1013 1544 possent..

80 1560 152 1626 Sibi
187 1565 353 1638 praestare,
385 1562 413 1619 si
448 1561 483 1620 in
519 1581 590 1620 eum
623 1581 727 1621 casnm
760 1562 993 1632 deducerentur,

41 1667 46 1684 *
80 1659 231 1736 quamvis
245 1659 403 1720 fortunam
425 1681 443 1719 a
463 1662 577 1739 populo
598 1663 735 1722 Romano
755 1662 831 1741 pati,
846 1681 939 1739 quam
953 1661 992 1719 ab
1008 1687 1029 1722 rs

80 1756 155 1814 his
168 1775 225 1833 per
252 1757 424 1816 eruoiatum
451 1757 594 1829 interfici,
622 1758 704 1818 inter
730 1779 806 1836 quos
840 1756 992 1817 dominari

80 1851 293 1942 consuessent
304 1862 334 1938 χ
352 1852 412 1912 32.
433 1850 483 1910 Ad
516 1851 592 1911 haee
627 1853 740 1912 Caesar
775 1873 821 1910 re·
841 1887 886 1928 T,
875 1898 956 1937 w„

79 1947 227 2025 spondit.
235 1909 289 2008 oso
302 1947 404 2025 magis
417 1949 638 2008 consuetudine
658 1968 714 2007 sua
726 1967 820 2026 quem
839 1939 960 2037 ²⁸22&
946 1987 986 2028 aar·

62 2044 195 2106 ,merito
208 2063 335 2104 eorum
329 2043 499 2104 eivitmem
519 2050 784 2120 conservetumm,
789 2045 819 2103 si
838 2041 915 2088 “m

79 2141 179 2218 prius,
196 2159 290 2216 quum
305 2161 428 2199 murum
449 2142 530 2200 aries
550 2140 720 2220 attigisset,
735 2161 767 2200 se
781 2139 987 2199 dedidissent:
1002 2163 1027 2190 20

78 2237 134 2296 sed
158 2237 328 2296 deditionis
349 2237 469 2296 nuliam
491 2255 555 2297 esse
576 2237 799 2302 condicionem
812 2236 874 2296 nisi
893 2235 988 2295 armis

78 2333 230 2395 traditis.
259 2333 300 2396 Se
319 2333 362 2403 id,
381 2333 495 2410 quod
486 2353 521 2391 1n
540 2333 664 2393 Nerviis
685 2334 816 2404 fecisset,
832 2334 987 2392 facturum

79 2429 288 2508 finitimisque
301 2429 535 2508 imperaturum,
548 2449 589 2488 ne
604 2451 697 2508 quem
711 2429 865 2489 dediticiis
879 2418 987 2508 popuii

80 2526 215 2586 Romani
236 2525 385 2584 iniurium
408 2502 588 2586 inferrent
610 2528 668 2588 Re
675 2526 820 2584 nuntiate
847 2526 887 2584 ed
906 2545 986 2596 suos,

79 2619 161 2700 qn'ee
203 2623 441 2700 imperarentur,
476 2623 576 2681 fecere
611 2621 768 2682 dixerunt
822 2621 1024 2680 Armorum2⁵

78 2715 195 2798 magua
218 2715 424 2778 multitudine
448 2718 486 2778 de
509 2739 598 2778 muro
619 2719 653 2778 in
675 2719 798 2790 fossam,
820 2737 900 2796 quae
920 2724 986 2777 eret

79 2822 153 2875 unte
176 2813 335 2894 oppidum,
357 2812 449 2886 itote,
473 2814 518 2874 sio
544 2821 582 2876 ut
611 2835 706 2894 prope
727 2833 878 2874 summam
904 2815 986 2874 muri

78 2911 267 2992 aggerisque
300 2909 501 2971 altitudinem
528 2912 632 2971 enervi
652 2911 806 2971 armorum
836 2911 987 2989 adsequa-
