2194 3358
7 215 13 224 .
54 137 173 255 157.
218 176 281 236 or
299 174 442 234 oraro
465 173 647 234 oauuroo
669 174 795 236 eoum
819 175 905 234 ur.x
932 181 968 234 37

52 317 274 398 pervenerint,
290 337 360 376 eum
374 316 414 375 ab
427 315 503 374 hora
517 315 580 376 fere
594 322 706 394 quarta
723 336 821 394 usque
840 316 879 374 ad
897 315 971 376 solis
1005 379 1008 385 s

51 432 204 475 ooeasum
239 417 443 493 pugnaretur.
499 413 550 474 16.Ι
585 413 652 484 Quo
684 413 800 490 proelio
819 474 912 514 renuis

52 511 183 572 bellum
205 510 397 570 Venetorum
424 509 582 586 totiusque
611 529 681 570 orae
708 510 799 569 mari-
819 525 975 574 peramat.
1004 544 1008 569 ,
1091 537 1092 540 ¹

53 607 160 666 timae
187 604 363 664 eonsuetum
390 609 447 663 est,
495 605 576 668 Nam
603 625 673 664 cum
699 607 799 666 omnis
819 575 936 664 ffii‘t

52 704 222 771 iuventus,
237 719 342 759 omnes
354 699 450 758 etiam
464 701 617 777 gravioris
630 701 750 772 aetatis,
764 701 799 760 in
818 676 908 726 ΡΨ*
989 732 1006 770 ,ς

53 797 179 878 quibus
200 796 322 874 aliquid
344 796 465 855 consilii
487 802 543 854 aut
564 797 730 874 dignitatis
752 797 823 870 fuit,
843 819 878 860 eo
899 821 971 860 eon·

54 898 226 964 venerant,
241 897 310 950 tum
323 892 454 951 navium
467 891 550 968 quod
565 891 682 969 ubique
701 892 804 952 fuerat
819 895 854 954 iu
871 891 969 956 unum

53 985 168 1074 locum
180 993 363 1066 coegeraut;
384 989 500 1066 quibus
513 989 633 1048 amissis
655 989 769 1066 reliqui
790 1011 890 1069 neque
908 1013 969 1070 quo
1001 971 1004 977 k

53 1085 292 1164 sereoiperent,
307 1105 407 1162 neque
426 1085 682 1162 quemadmodum
700 1087 814 1162 oppida
827 1089 969 1148 defende·
1033 1149 1036 1155 ,

53 1188 139 1252 rent,
165 1182 335 1240 habebant.
385 1181 498 1258 Itaque
522 1200 554 1239 se
578 1199 694 1257 suaque
719 1181 822 1240 omnia
846 1182 969 1243 Caesari
983 1209 1007 1236 ιο
1091 1189 1092 1192 ’

53 1278 258 1346 dediderunt.
294 1277 334 1335 In
347 1297 423 1354 quos
438 1297 473 1336 eo
487 1277 615 1355 gravius
626 1275 737 1336 Caesar
747 1277 968 1339 vindicandum

53 1373 262 1448 statuitque
285 1372 468 1450 diligentius
489 1372 524 1432 in
545 1371 700 1448 reliquum
722 1375 845 1450 tempus
862 1394 881 1432 a
898 1375 969 1433 bar.-

53 1470 144 1529 baris
172 1469 224 1527 ius
251 1467 426 1546 legatorum
453 1472 696 1527 oonservaretur.
746 1467 857 1546 ltaque
884 1471 968 1530 omni

54 1572 173 1626 senatu
186 1571 297 1624 neeato
310 1565 446 1642 reliquos
460 1565 518 1624 sub
532 1583 643 1624 eorona
656 1565 808 1626 vendidit.

99 1665 155 1724 17.
178 1662 263 1722 Dum
285 1661 361 1720 haee
382 1662 417 1719 in
440 1661 568 1722 Venetis
590 1667 751 1741 geruntur,
772 1662 807 1734 Q.
825 1664 968 1724 Titurius
981 1685 1004 1721 1⁵
1091 1643 1092 1646 Ἴ

55 1759 197 1819 Sabinus
224 1777 295 1817 eum
322 1757 361 1817 iis
388 1758 492 1835 oopus,
520 1777 597 1835 quas
624 1779 643 1817 a
670 1759 797 1825 Caesare
859 1818 863 1828 ,

54 1858 232 1932 aoeeperat,
257 1853 291 1911 in
315 1853 393 1912 fines
417 1853 619 1913 Venellorum
643 1853 795 1931 pervenit.
817 1816 937 1916 {ididiae
987 1873 992 1883 κ
1036 1891 1039 1898 .
1071 1841 1073 1849 ’

54 1951 118 2010 His
125 1953 278 2027 'praeerat
289 1947 454 2009 Viridovix
464 1969 499 2007 eo
510 1968 661 2008 summam
674 1947 797 2025 imperii
819 1915 908 1958 Venus.

54 2045 190 2106 tenebat
208 2055 315 2102 earum
333 2043 471 2102 omnium
494 2043 667 2114 civitatum,
682 2062 761 2120 quae
782 2043 966 2114 defeeerant
1043 2121 1045 2126 ,

53 2161 94 2199 ex
120 2139 239 2217 quibus
267 2139 436 2197 exereitum
463 2157 652 2216 magnasque
680 2139 782 2216 copias
806 2145 967 2218 coegerat3
980 2136 1009 2200 ω’

54 2243 154 2314 atque
168 2235 219 2294 his
233 2236 340 2313 paucis
358 2236 467 2295 diebus
480 2235 608 2294 Aulerei
621 2235 810 2296 Eburovices
824 2236 967 2296 Lexovii-

55 2354 119 2412 que
142 2337 256 2394 senatu
278 2353 333 2392 suo
354 2333 529 2403 interfecto,
544 2333 626 2409 quod
644 2337 784 2392 auctores
804 2333 880 2392 belli
902 2353 966 2393 esse
987 2323 992 2326 ’

54 2430 217 2512 nolebant,
241 2435 347 2506 portas
374 2429 553 2488 clauserunt
576 2449 675 2511 seque=
693 2449 763 2488 eum
788 2429 966 2490 Viridovice
1081 2447 1088 2452 '

55 2527 307 2586 ooniunxerunt:
329 2545 503 2602 magnaque
516 2530 675 2602 praeterea
688 2524 857 2582 multitudo
875 2525 965 2582 undi-

55 2642 118 2700 que
148 2641 189 2680 ex
217 2619 322 2681 Gallia
345 2620 537 2698 perditorum
560 2619 721 2680 hominum
748 2617 965 2694 latronumque
978 2635 1003 2685 2'5

54 2722 256 2787 convenerat,
268 2714 345 2793 quos
356 2736 425 2794 spes
436 2715 605 2794 praedendi
616 2714 816 2791 studiumque
826 2712 965 2782 bellandi

54 2815 93 2873 ab
102 2813 301 2891 agricultura
312 2818 344 2871 et
355 2811 510 2871 cotidiano
520 2811 625 2870 labore
633 2810 806 2870 revocabat.
832 2809 965 2869 Sabinus
1035 2879 1038 2882 ¹

54 2911 169 2970 idoneo
191 2909 335 2968 omnibus
357 2909 449 2967 rebus
470 2906 536 2966 loeo
555 2905 664 2966 eastris
683 2925 715 2965 se
729 2905 874 2975 tenebat;
894 2925 964 2964 eum
986 2919 989 2926 “

55 3003 225 3074 Viridovix
246 3009 354 3065 eontra
375 3023 446 3064 eum
470 3002 566 3061 duum
589 2987 712 3062 milium
736 3000 837 3079 spatio
860 3021 964 3076 eonse-
