2194 3358
41 109 179 200 33435.
222 115 285 183 DE
303 116 445 182 BELLO
468 112 648 185 GALLIOO
671 112 798 183 OOMM.
819 111 864 180 ΙΙ.
938 118 976 180 25

109 268 171 330 34.
193 265 310 326 Eodem
344 272 482 344 tempore
513 285 532 324 a
561 264 595 324 P.
630 263 747 335 Crasso,
780 283 873 341 quem
907 271 992 322 oum'
1065 231 1074 304 ἠ

58 365 195 443 legione
211 383 275 422 una
291 363 419 422 miserat
437 363 477 422 ad
491 363 637 433 Venetos,
652 360 806 432 Venellos,

828 428 959 468 Submisuon
1075 443 1076 450 κ

61 461 219 531 Osismos,
243 459 457 530 Coriosolitas,
481 458 626 529 Esubios,
649 457 807 529 Aulercos,
828 479 947 518 erubeseo·
1014 474 1018 492 ’

61 545 223 627 Redones,
251 575 331 634 quae
358 561 433 614 sunt
460 553 636 614 maritimae
664 553 809 613 civitates
829 530 899 570 Μ’

65 652 293 730 Oceanumque
314 651 489 729 attingunt,
504 650 617 710 certior
635 650 736 709 factus
750 655 798 708 est
812 668 916 708 omnes
930 666 980 708 eas
996 673 1007 711 s

68 745 221 804 civitates
235 745 270 802 in
289 738 441 804 dicionem
462 749 709 822 potestatemque
729 743 837 821 populi
852 741 983 803 Romani
1072 811 1074 818 y

64 853 142 906 „esse
156 841 348 932 redactasy
469 857 470 860 ’

118 937 178 999 35.
200 937 262 997 His
291 939 382 998 rebus
404 935 501 1016 gestis
531 937 616 997 omni
637 937 742 1000 Gallia
762 944 872 1017 pacata
895 944 985 998 tanta

72 1034 175 1092 huius
195 1032 272 1092 belli
291 1034 331 1102 ad
344 1033 491 1093 barbaros
505 1034 610 1112 opinio
623 1035 744 1113 perlata
757 1041 814 1106 est,

71 1130 127 1189 uti
149 1130 191 1188 ab
211 1128 251 1187 iis
271 1129 461 1200 nationibus,
477 1150 556 1208 quae
570 1137 657 1190 trans
671 1125 815 1190 Rhenum
835 1101 967 1192 priapum
1000 1153 1024 1181 10

72 1226 263 1296 incolerent,
272 1225 475 1285 mitterentur
485 1226 583 1304 legati
594 1228 633 1286 ad
644 1227 814 1298 Caesarem,
834 1203 952 1253 “mmm

73 1323 135 1399 qui
164 1341 197 1379 se
221 1321 342 1380 obsides
366 1321 502 1392 daturas,
524 1321 675 1400 imperata
699 1324 836 1382 facturas
863 1318 986 1400 pollice·

74 1422 201 1478 rentur.
244 1413 327 1487 Quas
354 1415 526 1494 legationes
551 1417 672 1490 Caesar,
697 1417 780 1496 quod
802 1413 837 1477 in
861 1417 988 1495 Italiam

75 1515 311 1593 Illyricumque
331 1515 526 1593 properabat,
547 1515 629 1574 inita
652 1517 793 1594 proxima
813 1521 929 1576 aestate
949 1514 989 1572 ad

76 1631 113 1671 se
127 1611 249 1670 reverti
261 1609 364 1669 iussit.
406 1611 478 1689 Ipse
492 1610 527 1668 in
541 1610 703 1683 Carnutes,
718 1613 824 1672 Andes
838 1611 989 1671 Turones·
1004 1640 1026 1676 1⁵

78 1727 154 1787 que,
170 1725 250 1784 quae
272 1707 417 1766 civitates
438 1707 631 1786 propinquae
653 1709 703 1768 his
725 1709 800 1768 locis
822 1714 920 1779 erant,
934 1708 990 1766 nbi

79 1803 205 1864 bellum
228 1809 374 1880 gesserat,
389 1803 566 1880 legionibus
587 1804 622 1862 in
635 1804 838 1864 hibernacula
851 1803 992 1863 deductis
1090 1799 1092 1802 ’

80 1901 117 1959 in
141 1898 271 1958 Italiam
293 1899 450 1977 profectus
471 1905 537 1970 est;
558 1901 597 1958 cb
619 1917 730 1978 easque
752 1917 800 1960 res
819 1921 858 1960 ex
876 1900 992 1960 litteris

83 1995 230 2058 (laeseris
245 1994 311 2054 dies
321 1994 499 2072 quindecim
510 1995 697 2074 supplicatio
707 1997 829 2057 decreta
840 2002 896 2069 est,
911 1995 994 2074 quod

83 2098 162 2152 ante
175 2091 210 2152 id
224 2097 348 2170 tempus
362 2091 475 2152 accidit
488 2091 579 2152 nulli.
