2194 3358
136 127 174 196 aa
398 129 429 198 c.
451 127 550 198 rom
567 125 775 226 cursans
1008 139 1045 194 n

135 293 259 342 suasum
281 278 446 340 habebant.
490 281 523 343 8.
545 279 605 339 His
628 279 751 340 nuntiis
774 278 911 359 acceptis
935 275 1042 348 Galba,

306 395 376 436 cum
399 391 501 456 neque
518 395 596 455 opus
616 375 819 436 hibernorum
838 377 1042 438 munitiones·

134 436 225 576 Elpis?
233 436 257 476 m
307 493 367 552 que
384 473 475 552 plene
496 477 600 532 essent
617 472 781 551 perfectae,
800 492 903 550 neque
919 474 964 533 de
984 475 1043 532 fru-

175 547 217 588 m
307 575 412 630 mento
438 569 619 648 reliquoque
649 574 820 629 commeatu
852 569 933 630 satis
966 573 1042 630 esset

112 665 304 744 sprovisum,
330 667 412 746 quod
438 665 596 726 deditione
630 665 712 726 lacta
742 665 968 746 obsidibusque
1000 685 1041 726 ao·

137 762 236 840 ceptis
256 761 340 822 nihil
360 763 398 824 ds
418 763 499 822 bello
519 762 692 836 timendum
712 761 960 835 existimaverat,
978 783 1041 822 con-

137 856 208 916 silio
234 858 377 918 celeriter
403 863 569 919 convocato
589 858 761 919 sententias
787 859 954 938 exquirere
981 879 1039 919 coe·

136 951 194 1030 pit.
218 954 301 1026 'Quo
314 955 348 1014 in
362 954 500 1028 consilio,
519 974 589 1014 oum
602 959 727 1014 tanturn
740 954 899 1033 repentini
912 954 1040 1033 periculi

136 1056 259 1128 praeter
285 1051 461 1130 opinionem
488 1051 659 1122 accidisset,
690 1069 726 1109 ec
753 1051 817 1110 iam
847 1050 955 1110 omnia
982 1051 1039 1110 fere

98 1160 123 1192 ¹0
136 1147 294 1226 superiora
307 1147 374 1208 loca
387 1145 591 1207 multitudine
604 1151 793 1206 armatorum
806 1146 962 1224 completa
975 1167 1038 1206 con·

135 1245 337 1323 spicerentur‚
351 1241 453 1323 nequ'e
466 1242 604 1304 subsidio
617 1241 719 1304 veniri
732 1261 832 1320 neque
853 1248 1037 1303 commeatus

136 1340 313 1419 supportari
329 1339 506 1398 interclusis
526 1337 693 1398 itineribus
712 1343 847 1417 possent,
862 1355 962 1416 prope
974 1339 1036 1397 iam

137 1432 297 1514 desperata
324 1435 424 1496 salute
454 1429 623 1495 nonnullae
654 1434 833 1494 huiusmodi
867 1435 1036 1495 sententias

136 1531 327 1602 dicebantur,
341 1537 379 1590 ut
399 1531 629 1610 impedimentis
647 1529 765 1590 relictis
781 1531 946 1608 eruptione
961 1533 1036 1590 facta

100 1639 122 1680 ²⁵
137 1625 232 1688 isdem
246 1628 421 1701 itineribus,
436 1629 549 1706 quibus
562 1648 598 1688 eo
611 1615 832 1709 pervenissent,
847 1629 887 1687 ad
908 1630 1036 1690 salutem

135 1722 364 1783 contenderent.
403 1724 515 1784 Maiori
528 1730 632 1784 tamen
646 1723 730 1802 parti
743 1723 862 1802 placuit
875 1723 934 1783 hoo
947 1743 1037 1783 reser-

136 1824 209 1880 vato
236 1820 276 1879 ad
305 1827 478 1881 extremum
510 1820 638 1880 consilio
666 1820 792 1880 interim
820 1821 867 1879 rei
893 1825 1037 1880 eventum
1075 1833 1076 1867 l

164 1974 177 2014 d
185 1975 262 2016 m
306 1917 440 1996 experiri
467 1921 500 1976 et
527 1922 627 1977 eastra
661 1917 832 1976 defendere.
887 1917 922 1978 4.
947 1914 1037 1974 Brevi

135 1985 194 2115 ‹lip-
307 2013 407 2092 spatio
427 2013 598 2086 interiecto,
626 2012 681 2072 rix
705 2018 744 2072 ut
766 2011 816 2071 his
838 2012 942 2084 rebus,
964 2029 1036 2090 quas
1074 2063 1075 2075 ,

100 2087 155 2150 ’θ’
172 2077 247 2118 Μ·
308 2109 550 2182 anstiuussant,
574 2107 758 2169 aroanna
781 2114 875 2186 aque
895 2107 1036 2168 somnis-

136 2204 257 2265 trandis
271 2212 394 2286 tempus
411 2208 546 2280 deretur,
560 2207 664 2268 hostes
682 2226 722 2266 ex
737 2206 880 2267 omnibus
899 2205 1035 2284 pertibus
1073 2271 1074 2274 Ἴ

137 2300 228 2377 signo
247 2301 320 2360 dato
344 2302 512 2376 decurrere,
534 2303 653 2382 lapides
679 2321 831 2382 gaesaque
859 2301 894 2360 in
922 2300 1034 2382 vallum

138 2395 283 2456 conicere.
301 2395 408 2458 Nostri
418 2399 517 2479 primo
527 2397 1032 2477 integrisviribusfortiterrepug·

137 2511 213 2553 nare
238 2510 340 2574 nequa
360 2494 462 2556 ullum
483 2496 600 2555 frustra
621 2494 721 2555 telum
737 2513 776 2554 ex
795 2494 862 2554 loco
885 2493 1033 2573 superiore

102 2611 126 2652 ss
139 2590 272 2662 mittere,
283 2597 321 2652 ut
333 2611 473 2670 quaeque
483 2609 555 2670 pars
569 2595 739 2651 castrorum
748 2589 866 2649 nudata
876 2587 1034 2676 defensori·

139 2685 197 2746 bus
211 2688 310 2765 premi
323 2687 498 2761 videbatur,
512 2707 547 2748 eo
565 2703 722 2755 occurere
735 2693 767 2746 et
780 2685 934 2746 auxilium
953 2687 1032 2754 ferre,
1071 2695 1072 2700 ’

139 2781 193 2839 sad
213 2783 271 2841 hoo
292 2781 439 2860 superari,
460 2781 543 2858 quod
562 2782 771 2842 diuturnitate
791 2800 917 2859 pugnae
940 2782 1033 2840 hostes

140 2873 250 2932 defessi
260 2874 376 2952 proelio
386 2875 584 2946 excedebant,
595 2876 650 2934 alii
663 2876 796 2954 integris
807 2877 928 2936 viribus
942 2883 1033 2937 succe·

48 2959 59 2972 ’
140 2965 263 3039 debant,
277 2989 408 3046 quarum
428 2985 532 3031 rerum
545 2991 564 3031 a
576 2973 691 3032 nostris
708 2980 835 3053 propter
853 2976 1031 3052 paucitatem
