2194 3358
120 112 158 168 38
226 57 229 64 v
389 107 419 169 0.
440 105 539 168 IULI
557 104 759 167 CAESARIS
986 125 1019 168 un

119 249 215 310 dieeet
236 248 409 326 cotidieque
430 247 588 326 productis
601 247 698 326 copiis
711 250 878 326 pugnandi
891 259 1020 330 potesta.

119 353 183 406 tem
202 347 324 416 faceret,
338 351 376 404 ut
391 345 454 404 iem
471 364 534 404 non
548 344 647 406 eolum
660 344 803 405 hostibus
816 346 854 405 in
868 354 1019 426 contemp-

118 443 234 503 tionem
246 441 378 502 Sabinus
389 439 519 511 veniret,
529 441 582 500 ecd
592 441 686 500 etiam
696 447 876 502 nostrorum
886 445 1018 505 militum

117 539 244 600 vocibus
262 537 405 598 nonnihil
424 543 617 616 carperetur;
640 543 823 616 tantamque
845 541 1018 619 opinionem

91 659 103 698 s
117 636 237 696 timoris
251 635 404 716 praebuit,
418 633 531 694 utiam
545 634 585 693 ed
598 633 717 694 vallum
730 641 905 696 carnorum
921 638 1016 709 hoetee

117 733 258 794 accedere
279 732 439 791 auderent.
480 729 520 788 Id
543 747 579 788 ea
600 729 638 788 de
660 748 752 789 cauea
772 731 918 803 faciebat,
943 733 1015 811 quod

116 845 187 886 cum
209 831 298 886 tauta
318 825 521 885 multitudiue
543 824 689 897 hostium,
712 827 896 904 praesertim
918 848 956 888 eo
971 829 1014 888 alr

116 927 212 993 sente,
227 921 282 1000 qui
304 925 453 981 summam
475 921 600 1000 imperii
620 923 825 993 teneret-uisi
843 943 945 1001 aequo
958 924 1014 984 loce

115 1024 172 1078 aut
195 1017 427 1098 opportunitate
450 1016 556 1095 aliqua
579 1017 652 1076 data
678 1018 781 1095 legato
808 1017 1013 1079 dimicandum

80 1135 106 1164 ¹0
116 1155 149 1196 fl,
158 1167 216 1196 over·
286 1136 348 1176 nou
362 1116 570 1176 existimabat.
606 1117 658 1176 18.
680 1115 748 1174 Hac
761 1117 946 1177 confirmata
958 1117 1013 1195 opi-

115 1207 198 1249 menes
206 1208 272 1248 nem.
285 1213 378 1273 nione
391 1212 512 1272 timoris
529 1212 673 1270 idoneum
692 1211 847 1288 quendam
863 1213 1012 1272 hominem

77 1333 80 1338 Δ
116 1313 148 1366 et
162 1308 309 1368 callidum
323 1308 450 1387 delegit,
462 1306 598 1378 Gallum,
610 1327 649 1366 ex
658 1307 707 1378 iie,
719 1307 920 1385 quoeauxilii
930 1327 1013 1368 cause
1058 1279 1059 1350 l

116 1422 220 1462 eeoum
233 1405 376 1464 habebat.
417 1402 502 1463 Huic
515 1403 637 1481 magnis
656 1403 801 1482 praemiis
820 1404 1023 1482 pollicitatio,

116 1497 270 1575 uibueque
283 1501 454 1577 persuadet,
469 1499 519 1558 uti
540 1499 580 1557 'ad
601 1499 706 1558 hoetee
726 1505 875 1572 transeat,
890 1507 930 1574 et,
943 1501 1012 1578 quid
1058 1511 1059 1578 l

80 1610 103 1647 1⁵
116 1593 184 1662 fieri
193 1593 281 1665 velit,
292 1595 405 1653 edocet.
447 1595 508 1666 Qui
521 1593 577 1654 ubi
590 1614 646 1671 pro
660 1595 789 1672 perfuga
802 1597 842 1654 ad
855 1616 907 1656 eos
920 1597 1012 1667 veuit,

115 1688 256 1749 timorem
270 1691 476 1750 Romanorum
491 1689 644 1768 proponit,
656 1689 770 1766 quibus
783 1691 939 1769 angustiis
951 1693 1012 1770 ipse

117 1784 229 1847 anear
255 1807 274 1846 a
298 1786 426 1848 Venetis
452 1781 621 1864 prematur,
646 1785 744 1856 docet,
768 1800 868 1864 neque
895 1787 1011 1865 longius

116 1882 227 1954 abesse,
242 1883 320 1961 quin
341 1883 480 1962 proxima
501 1887 590 1942 nocte
609 1881 743 1942 Sabinus
761 1882 842 1942 clam
856 1903 896 1942 ex
909 1883 1011 1942 caetris

115 1979 285 2038 exercitum
308 1980 419 2040 educat
445 1982 478 2038 et
504 1978 544 2037 ad
571 1977 732 2038 Gaesarem
758 1979 870 2038 auxilii
897 1979 1011 2040 ferendi
1058 1991 1059 2066 p

78 2095 207 2135 ²ooausa
234 2077 454 2155 proficiscatur.
504 2074 593 2146 Quod
619 2075 675 2133 ubi
702 2075 844 2134 auditum
868 2081 925 2146 eet,
947 2095 1011 2136 con-
1058 2067 1059 2102 ³

113 2172 250 2231 clamant
276 2193 381 2234 omues
407 2171 596 2234 occasionem
628 2171 746 2248 negotii
777 2171 856 2230 bene
889 2170 1011 2250 gerendi
1058 2177 1059 2182 ’

114 2266 314 2326 amittendam
328 2289 392 2327 non
405 2289 486 2328 esee:
501 2268 541 2326 ad
561 2271 663 2326 caetra
683 2265 724 2324 iri
745 2272 895 2344 oportere.
936 2265 1012 2326 Mul-
1058 2271 1059 2328 ff

113 2368 164 2423 tae
177 2381 227 2422 ree
240 2363 280 2424 ed
293 2363 352 2424 hoc
369 2364 532 2424 eonsilium
549 2362 657 2423 Gallos
678 2361 905 2423 hortabantur:
928 2382 1011 2442 supe
1058 2441 1059 2444 Ἴ

112 2459 230 2520 riorum
238 2461 358 2522 dierum
367 2461 474 2522 Sabini
485 2459 649 2531 cunctatio,
658 2460 807 2538 perfugae
815 2459 1011 2530 confirmatio,

74 2584 99 2622 25
113 2555 220 2636 iuopia
242 2559 434 2630 cibariorum,
454 2556 504 2617 cui
525 2555 571 2614 rei
592 2575 703 2633 parum
725 2555 895 2634 diligenter
916 2557 956 2616 ab
976 2556 1012 2614 iie

113 2662 180 2716 erat
193 2659 362 2736 provisum,
374 2678 443 2738 epos
454 2654 598 2718 Venetici
611 2655 687 2714 belli
701 2660 733 2714 et
743 2655 825 2731 quod
839 2655 905 2736 fere
918 2656 1012 2715 libeu-
1058 2671 1059 2720 f

112 2752 161 2804 ter
184 2745 323 2812 homines
346 2753 388 2822 id,
411 2751 493 2827 quod
514 2749 634 2821 volunt,
658 2750 797 2808 credunt.
817 2811 820 2814 ,
839 2749 900 2808 Hie
924 2751 1011 2808 rebus
1058 2813 1059 2820 ,

113 2838 239 2899 adducti
252 2866 315 2904 non
329 2846 416 2923 prius
430 2841 641 2902 Viridovicem
654 2842 852 2920 reliquosque
871 2843 965 2904 ducee
978 2864 1012 2904 ex

115 2931 242 2989 coneilio
256 2938 431 3006 dimittunt,
446 2953 539 3012 quam
553 2934 592 2992 ab
605 2935 655 2992 hie
668 2935 711 2995 eit
729 2955 918 3010 concessum,
931 2959 1013 3000 arma
