2194 3358
33 168 38 177 ι
131 143 168 199 1e
371 135 403 200 o.
425 130 524 198 ruer
543 131 752 198 ornsrare.
949 85 1039 189 n.

128 279 326 350 sustinerent,
341 281 423 358 quod
439 299 502 340 non
518 278 643 357 longius
661 278 766 338 hostes
785 278 928 356 aberant,
945 293 1037 354 quem

129 395 190 456 quo
203 376 301 436 telum
321 375 402 436 adici
418 367 529 454 posset,
544 375 656 454 proelii
673 371 889 434 committendi
909 372 1038 450 signum

132 472 226 531 dedit.
268 473 371 549 Atque
392 471 426 530 in
450 471 581 531 alteram
605 476 759 554 partem
753 470 830 529 item
854 466 1039 553 cohortqndi

132 588 224 628 causa
257 569 413 647 profectus
442 567 655 647 pugnantibus
684 566 827 632 occurrit.
878 564 1041 643 Temporis

109 669 224 728 stante
251 663 313 723 fuit
340 663 496 774 exiguitas
499 663 720 760 hostiumque
750 669 815 722 tam
843 667 975 741 paratus
1004 659 1041 718 ed

136 759 345 819 dimicandum
378 733 509 831 animus,
543 765 580 818 ut
612 777 675 820 non
708 759 797 818 modo
830 759 887 816 ad·
904 755 1040 834 insignia

119 855 417 926 ,accommodanda
434 855 487 914 sed
520 855 615 914 etiam
653 855 694 914 ad
727 855 831 933 galeas
868 853 1039 912 induendas

92 1007 94 1012 .
137 949 294 1028 scutisque
321 949 493 1027 tegimenta
526 950 734 1026 detrudendo]
746 957 869 1028 tempus
885 947 1053 1023 defuerit,

138 1047 250 1116 Quam¹
266 1045 397 1124 quisque
425 1047 464 1108 ab
491 1066 582 1125 opere
608 1047 643 1106 in
669 1053 790 1125 partem
814 1065 886 1106 casu
914 1017 1057 1104 devenit‘

103 1177 127 1203 ιι
138 1161 278 1220 quaeque
299 1141 400 1220 primu
421 1141 512 1221 signa
535 1143 704 1221 conspexit,
726 1143 766 1202 ad
787 1142 863 1200 haec
890 1139 1038 1206 constitit,

139 1259 177 1298 ne
197 1239 232 1298 in
249 1239 431 1317 quaerendis
452 1239 516 1298 suis
537 1239 700 1318 pugnandi
720 1244 843 1317 tempus
857 1237 1037 1296 dimitteret.

86 1360 89 1373 ¹
139 1393 275 1434 [mmm
313 1337 371 1396 22.
414 1335 572 1394 Instructo
600 1336 746 1408 exercitu,
781 1335 882 1413 magis
915 1340 955 1392 ut
987 1332 1039 1392 loci

140 1451 197 1483 ιιιιι
206 1445 271 1484 οιιιιι
310 1436 424 1490 natura
457 1431 653 1510 deiectusque
690 1432 777 1492 collis
814 1437 846 1490 et
878 1431 1040 1492 necessitas

140 1503 207 1542 groun
178 1496 228 1534 unu
313 1527 470 1605 temporis,
505 1547 597 1605 quam
635 1534 673 1586 ut
706 1529 751 1586 rei
785 1527 933 1586 militaris
968 1525 1040 1584 ratio

108 1627 239 1703 ssatque
253 1622 326 1682 ordo
344 1623 531 1700 postulabat,
546 1645 616 1683 eum
632 1624 764 1682 diversis
777 1622 1041 1700 legionibus,aliae
1081 1685 1082 1696 χ

145 1717 207 1776 alia
228 1717 263 1776 in
284 1724 374 1795 parte
393 1718 536 1779 hostibus
556 1707 745 1792 resisterent,
767 1719 956 1798 sepibusque
976 1719 1042 1776 den-

146 1813 285 1885 sissimis,
306 1820 344 1873 ut
366 1820 439 1874 ante
460 1815 749 1888 demonstravimus,
771 1815 1042 1898 interiectis‘proe

56 1941 59 1947 =
147 1915 255 1987 pectus
281 1909 494 1988 impediretur,
516 1931 616 1989 neque
636 1918 720 1972 certa
746 1912 884 1972 subsidia
908 1910 1043 1972 collocari

148 2023 257 2082 neque,
279 2006 355 2084 quid
377 2007 411 2066 in
432 2027 555 2086 quaque
577 2013 665 2086 parte
688 2027 765 2087 opus
784 2013 873 2080 esset,
892 2006 1043 2086 provideri

111 2131 136 2159 ιι
149 2121 249 2180 neque
262 2103 302 2162 ab
315 2123 378 2164 uno
391 2104 494 2164 omnia
514 2104 645 2182 imperis
665 2104 1042 2182 administraripoterant.

150 2199 264 2274 Itaque
284 2197 318 2255 in
339 2204 430 2258 tanta
451 2219 555 2259 rerum
576 2199 745 2277 iniquitate
767 2200 910 2260 fortunae
931 2218 1043 2278 quoque

149 2351 218 2393 Three
227 2352 268 2392 u
321 2300 451 2354 eventus
464 2295 545 2354 varii
565 2297 781 2375 sequebantur,
785 2321 814 2374 q
824 2299 883 2361 88.
905 2297 1043 2376 Legionis

151 2407 182 2499 [jn
184 2402 289 2443 abate
321 2409 420 2452 nonae
446 2397 478 2452 et
499 2392 634 2452 decimae
660 2393 784 2486 milites,
805 2393 878 2453 ut
868 2413 902 2452 ιιι
925 2393 1043 2454 sinistra

152 2505 188 2544 ιιι
152 2455 281 2544 μοὶῃιειιῗιι
323 2493 412 2566 parte
430 2488 504 2549 acie
508 2479 720 2562 constiterant,
735 2489 809 2570 pilis
827 2489 955 2558 emissis
963 2509 1042 2550 ouusu

152 2552 209 2594 time.

71 2647 74 2650 ,
115 2623 139 2664 2⁵
324 2604 360 2644 ao
386 2569 569 2656 lassitudine
595 2580 786 2647 exanimatos
809 2570 1043 2665 vulneribusque

154 2678 308 2742 coniectes
331 2682 496 2746 Atrebates
517 2682 605 2762 (nam
631 2684 681 2743 his
708 2703 745 2744 ea
771 2705 843 2762 pars
853 2679 1043 2764 obvenerat)

155 2779 297 2859 celeriter
317 2797 356 2836 ex
376 2777 442 2836 loco
464 2775 619 2854 superiore
646 2780 681 2838 in
701 2781 817 2839 flumen
839 2775 1044 2859 compulerunt

67 2878 71 2886 ‘
156 2878 188 2928 et
202 2871 334 2930 transire
348 2877 493 2930 conantes
507 2873 638 2932 insecuti
651 2875 764 2950 gladiis
778 2895 923 2954 magnam
938 2885 1044 2957 partem
1081 2879 1082 2926 l

14 2991 15 2996 ι
44 2987 47 2993 ·
158 2984 262 3022 eorum
305 2966 485 3042 impeditam
528 2966 759 3028 interfecerunt.
815 2973 881 3049 lpsi
922 2976 1044 3036 transire
