2196 3368
124 111 163 172 44
396 107 426 169 0.
449 101 548 168 lULI
568 97 770 170 elusanus
990 124 1035 169 111.

122 253 222 312 tiones
243 250 361 311 deioere
382 254 415 310 st
435 249 512 328 fuga
533 247 666 310 salutem
687 255 792 327 petere
810 250 1033 312 intenderunt.

28 397 34 404 .
124 349 206 421 Quos
227 346 385 426 equitatus
406 345 610 424 apertissimis
633 345 748 423 eampis
771 353 974 408 consectatus
997 369 1034 408 ex

123 443 246 504 milium
269 441 501 520 quinquaginta
522 460 660 513 numero,
682 461 761 518 quae
788 462 827 500 ex
854 435 1032 520 Aquitania
1054 431 1061 440 ’

123 537 347 616 Cantabrisque
360 527 539 596 convenisse
552 537 720 608 oonstabat,
734 537 790 595 vix
811 544 931 614 quarta
944 547 1033 618 parte

97 651 110 692 s
294 633 403 694 relicta
411 634 511 693 multa
520 639 610 693 noete
618 633 801 693 seinoastra
810 636 942 713 reoepit.
974 640 1031 698 27.

122 704 245 796 qroqqqrm·
295 731 363 790 Hao
377 729 745 808 auditapugnamaxima
754 749 826 808 pars
835 731 1031 808 Aquitaniae

121 815 148 844 '¹¹
184 805 218 886 ’Ψ
294 845 358 885 sese
373 826 481 884 Crasso
495 824 615 884 dedidit
628 825 809 902 obsidesque
823 827 909 886 ultro
925 829 1029 898 misit3

122 940 183 998 quo
197 919 232 978 in
245 939 372 980 numero
383 921 511 980 fuerunt
522 919 668 990 Tarbelli,
680 909 888 998 Bigerrionss,
899 923 1028 992 Primii,

123 1015 263 1087 vocata,
275 1017 451 1086 Tarusates,
463 1015 617 1086 Elusates,
629 1014 733 1085 (lates,
745 1016 850 1088 Ausci,
863 1017 1027 1087 Garumni,

87 1141 112 1170 ιο
124 1111 292 1183 Sibnaates,
307 1111 483 1172 Oooosates:
504 1130 620 1188 paneae
640 1111 771 1170 ultimae
791 1112 940 1172 nationes
957 1115 1028 1172 anni

123 1211 261 1286 tempore
288 1207 428 1278 confisae,
450 1207 533 1284 quod
558 1205 658 1266 hiems
685 1207 818 1277 suberat,
840 1207 901 1266 hoo
930 1207 1028 1268 faeere

122 1305 338 1384 neglexerunt.
803 1337 806 1344 ·

164 1403 224 1463 28.
247 1401 361 1460 uadem
376 1399 438 1458 fere
451 1403 589 1476 tempore
603 1398 723 1470 ansar,
735 1399 794 1458 etsi
807 1419 904 1477 prope
917 1408 1027 1460 exacta

122 1559 161 1600 Q
294 1495 356 1554 iam
370 1500 468 1553 aestas
485 1499 561 1563 erat,
580 1499 694 1564 tamen,
717 1495 798 1570 quod
817 1495 902 1554 omni
921 1495 1026 1555 Gallia

88 1626 111 1662 15
122 1571 216 1650 madia
294 1595 403 1668 paoata
417 1588 531 1647 Morini
545 1585 743 1666 Menapiique
762 1597 956 1672 supererant,
972 1593 1025 1668 qui

122 1662 248 1752 {lilim
292 1685 325 1742 iu
350 1685 444 1744 armis
471 1690 573 1744 essent
595 1704 696 1760 neque
719 1685 759 1742 ad
782 1705 853 1744 eum
877 1701 1024 1764 umquam

123 1762 222 1814 Mml'l‘
293 1781 412 1859 legatos
438 1781 477 1840 de
503 1799 577 1859 paee
603 1781 768 1850 misissent,
793 1781 966 1841 arbitratus
991 1784 1024 1840 id

122 1875 240 1935 bellum
254 1876 395 1938 delenitor
408 1876 515 1936 oonfiei
532 1895 621 1952 posse
636 1893 672 1934 eo
687 1875 858 1935 exereitum
874 1877 1022 1960 adduxit;
1054 1920 1056 1930 .

123 1971 178 2050 qui
191 1973 284 2050 louge
298 1971 359 2031 alia
372 1970 492 2030 ratione
506 1991 541 2030 ao
555 1971 669 2048 reliqui
680 1971 768 2031 'Galli
784 1971 904 2030 bellum
918 1991 1022 2050 gerere

86 2099 111 2128 ω
123 2073 299 2146 ooeporunt.
333 2067 413 2128 Nam
427 2067 510 2146 quod
523 2065 747 2144 intellegebant
761 2066 910 2126 maximas
925 2068 1023 2126 natio-

123 2183 186 2234 nes,
201 2183 280 2242 quae
294 2163 411 2242 proelio
425 2163 664 2234 oontendisseut,
678 2162 784 2240 pulsas
805 2169 1021 2242 superatasque

123 2277 197 2327 esse,
211 2258 466 2335 continentesque
488 2257 584 2317 siluas
605 2277 641 2316 ao
661 2256 799 2334 paludes¹
810 2254 971 2328 habebant,
985 2278 1020 2317 eo

123 2371 156 2412 se
170 2371 286 2430 suaque
298 2353 403 2413 omnia
424 2353 631 2418 contulerunt.
672 2352 723 2411 Ad
744 2371 877 2431 quarum
897 2351 1017 2412 initium

122 2449 272 2510 silvarum
294 2467 364 2510 oum
387 2449 498 2509 (laesor
519 2448 711 2527 pervenisset
728 2445 1017 2525 castraquemunire

86 2575 110 2612 25
123 2543 322 2614 instituisset,
331 2564 432 2620 neque
440 2544 540 2604 hostis
550 2543 677 2604 interim
687 2545 772 2602 visus
781 2549 870 2614 esset,
881 2545 1018 2621 dispersis

122 2645 157 2701 in
178 2660 269 2719 opere
290 2641 404 2698 nostris
427 2639 531 2698 subito
551 2659 591 2698 ex
613 2638 755 2696 omnibus
774 2623 915 2715 partibus
927 2639 1018 2698 silvae

123 2737 327 2794 evolaverunt
340 2740 373 2790 et
386 2733 420 2789 in
433 2739 555 2792 nostros
568 2733 721 2812 impetum
735 2733 886 2792 feserunt.
913 2733 1016 2792 Nostri

107 2824 263 2880 sceleriter
290 2843 376 2880 arma
402 2829 552 2896 oeperunt
579 2845 692 2906 eosque
715 2825 750 2882 in
772 2823 875 2886 vsilvas
906 2828 1014 2904 repule-

125 2915 200 2961 runt
233 2917 265 2964 et
300 2912 508 2988 oompluribus
539 2915 712 2994 interfectis
741 2918 866 2996 longius
899 2921 1015 3000 impedi-
