2194 3358
105 149 145 206 24
289 143 388 228 ¹o.
414 141 512 204 ruer
533 140 737 216 crassam
952 171 963 198 ι.
989 110 1029 200 ’ΠΣ

42 289 47 300 ’
105 291 185 358 rent,
207 292 240 346 et
263 291 367 346 tamen
386 285 509 346 circiter
529 291 618 364 parte
641 287 746 359 tertia,
760 291 797 344 ut
818 293 928 365 postea
949 307 1021 366 per·

106 388 247 462 spectum
268 383 440 454 cotaeleto
463 388 558 460 atque
577 383 612 441 in
634 383 747 460 oppido
768 388 894 443 retenta
915 383 1022 462 portis

67 546 72 570 Ι
105 519 237 568 suessan„
277 479 441 557 patefactis
454 499 489 538 eo
505 478 562 537 die.
575 497 649 556 pace
670 484 745 538 sunt
764 478 928 546 usi.7'=33.
953 479 1021 539 Sub

105 570 244 670 ffi‘tfjffl
275 595 438 654 vesperum
446 576 565 636 Caesar
584 581 689 654 portas
710 575 813 634 claudi
833 575 1020 653 militesque

81 685 92 722 ⁵
105 670 217 760 ¹⁸³2?th
275 693 314 734 ex
327 673 440 752 oppido
454 673 538 732 exire
551 673 650 743 iussit,
660 693 700 732 ne
714 691 807 750 quam
816 678 914 732 noctu
929 673 1018 751 oppi-

107 781 181 813 messe.
277 769 351 828 dani
385 771 425 828 ab
451 769 608 828 militibus
645 769 794 828 iniuriam
827 770 1017 848 acciperent.

107 863 163 922 Illi
190 869 263 924 ante
290 865 378 936 inito,
401 871 438 923 ut
459 865 661 936 ,intellectum
684 871 741 936 est,
764 865 903 936 consilia,
933 865 1017 943 quod

108 959 265 1020 deditione
300 961 382 1020 facta
408 967 529 1024 nostros
557 962 711 1040 praesidia
739 962 925 1022 deducturos
962 968 1017 1020 aut

108 1056 241 1135 denique
254 1056 474 1134 indiligentius
490 1063 666 1118 servaturos
679 1057 882 1128 crediderant,
898 1058 1015 1136 partim

72 1177 97 1203 ιο
110 1173 178 1212 eum
212 1153 270 1225 his,
298 1171 377 1232 quae
404 1154 600 1219 retinuerant
626 1160 659 1214 et
689 1154 874 1224 celaverant,
910 1155 1014 1224 armis,

110 1251 225 1328 partim
248 1251 344 1310 scutis
371 1271 410 1310 ex
437 1252 550 1310 cortice
578 1251 669 1310 factis
693 1255 749 1309 aut
770 1249 946 1308 viminibus
968 1250 1014 1307 in·
1036 1242 1041 1246 ’

110 1347 215 1418 textis,
230 1367 308 1424 quae
322 1347 434 1417 subite,
444 1353 480 1406 ut
494 1349 641 1426 temporis
655 1347 811 1424 exiguitas
825 1345 1013 1425 postulabat,

111 1440 245 1518 pellibus
282 1441 479 1514 induxerant,
514 1445 608 1502 tertia
641 1443 762 1521 vigilia,
789 1462 851 1520 qua
887 1442 1015 1501 minime

111 1538 226 1596 arduus
253 1539 292 1597 ad
313 1545 435 1598 nostras
461 1540 651 1599 munitiones
675 1559 818 1599 ascensus
838 1539 1013 1608 videbatur,
1077 1571 1078 1624 3

76 1633 254 1694 1comnibus
280 1634 376 1712 copiis
410 1636 572 1714 repentino
602 1657 641 1696 ex
674 1635 787 1714 oppido
820 1627 1014 1712 eruptionem
1077 1625 1078 1653 ³

19 1759 20 1762 ¹
111 1729 473 1812 fecerunterleriter,
508 1737 546 1791 ut
579 1738 651 1792 aute
693 1731 805 1792 Caesar
837 1731 1014 1808 imperarat,

111 1826 238 1905 ignibus
252 1828 480 1906 significatione
501 1829 584 1888 facta
602 1848 644 1887 exv
661 1827 810 1906 proximis
831 1827 969 1886 castellis
981 1845 1014 1885 eo
1076 1829 1077 1832 ’

112 1943 294 1984 concursum
308 1927 368 1996 est}
380 1929 615 2002 pugnatumque
629 1923 668 1983 ab
685 1922 828 1983 hostibus
841 1922 887 1981 ita
905 1923 1015 1992 acriter

112 2026 169 2092 est,
183 2027 221 2080 ut
237 2043 256 2080 a
269 2022 348 2082 viris
362 2023 496 2081 fortibus
510 2021 545 2080 in
558 2026 696 2080 extrema
710 2039 764 2099 spe
782 2019 894 2080 salutis
908 2019 1014 2096 iniquo

77 2144 102 2172 ,ο
112 2117 178 2176 loco
192 2123 367 2188 contraeos,
377 2117 432 2194 qui
445 2136 484 2176 ex
492 2116 576 2175 vallo
585 2116 787 2193 turribusque
797 2114 861 2174 tela
871 2113 1012 2182 iacerent,

113 2213 249 2290 pugnari
275 2212 392 2282 debuit,
420 2231 490 2271 oum
517 2211 552 2270 in
578 2231 642 2271 una
674 2211 793 2270 virtute
819 2208 921 2269 omnis
948 2226 1013 2287 spes

113 2307 225 2366 salutis
258 2307 448 2367 consisteret.
490 2307 606 2370 Occisis
633 2307 673 2366 ad
703 2307 863 2366 hominum
890 2305 1013 2364 milibus
1074 2361 1075 2368 ,

114 2407 263 2481 quattuor
276 2403 391 2481 reliqui
404 2403 439 2462 in
452 2403 601 2482 oppidum
619 2402 727 2462 reiecti
741 2408 824 2464 sunt.
865 2401 1013 2461 Postridie
1074 2393 1075 2452 ἦ

115 2499 180 2558 eius
194 2498 256 2557 diei
270 2499 411 2560 refractis
432 2500 540 2579 portis,
555 2519 625 2558 oum
645 2497 708 2557 iam
728 2498 906 2558 defenderet
919 2515 1012 2566 nemo,
1074 2483 1075 2494 ¹

79 2601 209 2674 satque
235 2595 421 2656 intromissis
442 2595 597 2656 militibus
620 2593 735 2654 nostris
762 2592 928 2653 sectionem
950 2591 1012 2652 eius
1073 2635 1074 2642 ,

116 2692 223 2772 oppidi
250 2691 427 2751 universam
456 2691 568 2752 Caesar
595 2689 747 2749 vendidit.
788 2689 838 2747 Ab
871 2687 928 2758 his,
961 2686 1016 2764 qui,

116 2793 263 2857 emerant,
298 2786 435 2865 capitum
469 2805 616 2845 numerus
649 2785 689 2845 ad
716 2804 787 2846 eum
821 2782 936 2846 relatus
967 2788 1010 2844 est

96 2889 101 2896 '
117 2880 238 2940 milium
252 2881 481 2964 quinquaginta
494 2879 600 2942 trium.
998 2867 1002 2871 ’
