2194 3358
134 135 172 195 32
399 129 431 192 0.
452 131 475 192 I
477 129 552 194 UH
569 127 774 194 CAESARIS
1014 152 1063 194 m.

130 281 189 346 set,
200 279 337 334 retentos
350 273 390 332 ab
404 289 436 334 se
450 272 527 333 etin
537 273 665 334 vincula
674 273 838 346 coniectes,
849 294 909 354 pro
921 277 1060 354 magni-

104 399 110 412 ·
132 375 242 434 tudine
255 372 387 452 periculi
400 373 518 434 bellum
532 393 641 453 parare
654 380 687 434 et
700 374 835 434 maxime
848 395 895 449 ea,
905 396 1000 454 quae
1015 377 1059 436 ad

132 490 223 530 usum
244 470 373 530 navium
395 471 563 548 pertinent,
586 471 748 549 providere
772 470 967 544 instituunt,
991 473 1057 532 hoc

131 567 246 626 maiore
267 587 331 646 spe,
350 567 433 644 quod
455 567 589 626 multum
613 573 727 628 natura
747 566 808 626 loci
830 567 1055 628 confidebant

106 662 295 726 sPedestria
321 682 387 723 esre
413 662 528 722 itinera
554 663 676 722 concisa
706 663 881 734 aestuariis,
908 665 1054 742 naviga-

131 759 249 820 tionem
262 759 445 840 impeditam
458 764 584 838 propter
596 758 794 818 inscientiam
806 757 950 818 locorum
969 779 1053 839 pan·

131 856 320 934 citatemqna
328 861 476 934 portuum
484 855 632 926 ciebant,
640 874 741 932 neque
751 859 873 915 nostroe
883 857 1050 917 exereitus

131 955 258 1029 propter
279 951 431 1010 frumenti
452 950 590 1030 inopiam
613 949 843 1030 diutius'apud
865 971 899 1011 se
924 955 1048 1013 morari

131 1067 219 1126 pesse
232 1047 444 1107 confidebant:
459 1065 495 1106 ao
505 1046 567 1106 iam
577 1052 615 1105 nt
625 1047 728 1106 omnia
738 1052 846 1106 contra
859 1047 1046 1129 opinionem

94 1177 119 1208 ιο
131 1143 313 1214 acciderent,
324 1147 473 1202 tamense
485 1141 657 1220 plurimum
669 1141 804 1202 navibus
818 1161 915 1221 posse,
928 1143 1046 1203 Roma-

130 1259 187 1300 nos
208 1259 308 1318 nequa
329 1237 428 1297 uliam
450 1236 633 1297 facultatem
654 1237 768 1298 habere
789 1237 918 1297 navium
936 1259 1045 1317 neque

131 1357 237 1397 eorum
251 1335 409 1406 tooonrm,
433 1332 495 1400 ubi
513 1333 632 1394 bellum
658 1333 779 1412 gesturi
800 1340 916 1406 essent,
948 1337 1043 1408 vada,

131 1439 249 1512 portus,
263 1431 382 1491 insulas
395 1430 536 1502 novisse;
558 1451 594 1490 ac
612 1430 704 1510 longe
717 1431 812 1492 eliam
826 1451 892 1492 esse
905 1435 1043 1513 navige-

130 1530 248 1588 tionem
269 1528 304 1586 in
326 1527 468 1588 concluso
489 1527 569 1586 mari
590 1533 685 1604 atque
703 1528 738 1586 in
750 1528 928 1588 vastissimo
942 1535 1043 1608 atque
1090 1573 1091 1596 ;

95 1655 118 1692 15
132 1623 327 1702 apertissimo
349 1623 470 1684 Oceano
494 1621 730 1702 perspiciebant.
771 1624 831 1684 His
855 1624 945 1699 initis
968 1645 1043 1686 oon·
1090 1603 1091 1659 i

131 1719 212 1780 siliis
225 1717 339 1796 oppida
351 1719 509 1790 muniunt,
524 1720 682 1778 frumenta
702 1739 741 1778 ex
763 1721 847 1798 agris
869 1721 904 1778 in
922 1723 1042 1800 oppida
1089 1763 1090 1766 η

131 1819 335 1895 comportant,
349 1835 446 1874 naves
467 1815 502 1874 in
521 1815 695 1887 Venetiam,
717 1815 773 1874 ubi
791 1816 954 1878 Gaesarem
974 1820 1041 1897 pn‘-
1089 1811 1090 1889 i

131 1933 217 1972 mum
225 1932 290 1973 esse
300 1911 415 1972 bellum
428 1915 590 1991 gesturum
600 1912 771 1984 constabat,
780 1931 874 1990 qnam
883 1912 1041 1992 plurimae

131 2016 270 2088 possunt,
285 2013 410 2088 cogunt.
450 2007 555 2069 Socios
577 2007 638 2068 sibi
656 2009 696 2068 ad
709 2008 742 2068 id
755 2007 874 2068 bellurn
887 2010 1038 2084 Osismoe,
1088 2075 1089 2086 ,

92 2139 118 2171 ω
131 2107 291 2178 Lexovios,
313 2105 491 2176 Namnetes,
514 2103 712 2174 Ambiliatos,
731 2103 878 2176 Morinos,
891 2105 1039 2166 Diablin·
1088 2089 1089 2117 ¹

130 2209 188 2274 tes,
218 2201 379 2280 Menapios
405 2197 600 2271 adsoiscnnt;
634 2197 753 2260 auxilia
788 2219 827 2260 ex
859 2200 1036 2276 Britannia,

129 2316 209 2375 quae
243 2301 351 2355 contra
383 2313 435 2353 aas
468 2295 610 2373 regiones
642 2295 745 2372 posita
778 2302 835 2368 est,
866 2307 1036 2360 arcessunt.
1087 2291 1088 2344 i

129 2421 243 2465 mmm:
302 2392 355 2452 10.
377 2390 479 2450 Erant
499 2389 559 2450 hae
581 2391 780 2450 difficultates
801 2391 1035 2472 belligerandi,
1086 2461 1087 2470 ,

129 2474 255 2566 ffifflffi'
301 2505 483 2566 quassnpra
491 2486 865 2558 ostendimus,aedmulta
874 2487 1034 2550 Gaesarem
1086 2517 1087 2577 p

92 2609 116 2649 ι,
129 2585 245 2627 W·
301 2587 406 2644 tamen
428 2583 468 2640 ad
489 2579 662 2642 id'bellum
683 2582 877 2642 incitabant:
902 2583 1033 2646 iniuriae

129 2685 319 2739 retentorum
333 2678 477 2756 equitum
491 2676 708 2750 Romanorum,
723 2677 852 2738 rebellio
866 2680 946 2738 facta
963 2690 1033 2759 post
1085 2723 1086 2730 κ

130 2773 586 2844 a0a1t10n0m‚aefea10sae
608 2774 777 2845 abstritus,
799 2775 1029 2837 acervitatem
1085 2749 1086 2805 i

130 2868 312 2938 coniuratio,
326 2867 361 2926 in
375 2867 494 2944 primis,
508 2886 548 2924 ne
560 2866 620 2926 hac
631 2874 719 2944 parte
732 2868 877 2946 neglecta
898 2871 1029 2950 reliquae
1084 2893 1085 2898 ’

129 2959 270 3018 nationes
284 2962 345 3019 sibi
358 2961 440 3020 idem
454 2959 547 3018 licere
560 2960 796 3022 arbitrarentur.
838 2963 949 3042 Itaque
962 2979 1028 3027 cuin
1084 2961 1085 3035 i
