2194 3358
53 169 167 223 en.
198 237 200 242 ι
231 145 294 210 nr
311 113 454 212 Burro
475 151 661 214 orruroo
683 151 811 214 coru.
833 157 877 216 ιι.
969 165 986 218 9
1073 153 1076 158 ·

72 290 424 372 expugnando'oppido
437 299 470 353 et
488 295 528 354 de
548 294 676 354 flumine
695 299 884 358 transeundo
903 319 989 377 spem

72 409 108 450 se
137 389 289 450 fefellisse
312 389 659 472 intollereruntffleque
682 397 803 454 nostros
827 393 861 452 in
888 394 989 454 locum

72 485 430 564 iniquioremprogredi
443 487 606 565 pugnandi
620 507 711 548 causo
724 489 881 561 viderunt,
895 496 991 569 atque

72 582 162 660 ipsos
191 599 241 640 res
265 581 471 652 frumentaria
490 582 620 643 deficere
639 584 749 662 coepit,
772 585 901 644 concilio
921 606 992 646 eon·

73 682 192 736 vocato
218 677 451 737 constituerunt
479 679 633 756 optimum
653 699 727 750 esse,
755 681 879 739 domum
905 701 992 742 suam
1017 711 1029 748 ⁵

73 791 237 850 quemque
251 773 368 837 reuerti
381 779 423 845 et,
432 793 564 850 quorum
578 775 612 834 in
626 775 704 835 fines
716 775 853 854 primum
861 779 993 838 Romani

75 867 256 926 exercitum
263 866 520 939 introduxissent,
529 870 569 928 ad
579 889 630 929 eos
639 863 846 940 defendendos
854 873 993 952 undique

75 961 295 1034 convenirent,
306 968 344 1022 ut
357 962 463 1042 potius
476 963 511 1022 in
524 965 590 1024 suis
606 985 699 1044 quam
712 966 747 1025 in
755 967 867 1028 alionis
879 969 994 1037 finibus

77 1058 280 1116 decertarent
306 1062 340 1116 et
366 1057 545 1118 domesticis
572 1059 669 1138 copiis
696 1061 742 1120 rei
771 1062 993 1123 frumentariae

76 1156 258 1213 uterentur.
290 1153 351 1219 ,Ad
369 1173 438 1214 eam
454 1155 643 1214 sententiam
659 1175 730 1216 cum
746 1157 878 1235 reliquis
894 1159 994 1220 causis
1009 1192 1034 1219 ιο

79 1250 161 1311 haee
188 1269 312 1330 quoque
338 1251 421 1310 ratio
447 1269 499 1310 eos
523 1251 666 1322 deduxit,
694 1245 776 1331 quod
803 1253 995 1314 Divitiacum

79 1353 182 1425 atque
206 1347 332 1407 Aeduos
353 1345 470 1406 finibus
491 1346 726 1407 Bellovacorum
748 1349 996 1430 adpropinquare

79 1445 306 1520 cognoverant.
348 1441 409 1500 His
422 1442 611 1520 persuaderi,
625 1448 663 1501 ut
671 1443 791 1503 diutius
802 1451 997 1506 morarentur

79 1559 187 1618 neque
206 1539 272 1598 suis
292 1537 446 1598 auxilium
472 1539 598 1610 ferrent,
619 1559 682 1600 non
702 1546 834 1619 poterat.
844 1543 927 1638 )<11.
950 1544 997 1603 lla

81 1653 118 1691 re
141 1627 479 1710 constituta7seounda
497 1630 613 1709 vigilia
628 1651 741 1710 magno
755 1653 825 1694 cum
844 1692 878 1734 Th
898 1696 976 1734 retreat
1012 1655 1035 1692 15

82 1728 224 1806 strepitu
243 1746 280 1796 ao
301 1726 443 1786 tumultu
463 1727 573 1788 castris
595 1729 825 1813 egressiqnullo
844 1703 959 1832 &ginone

83 1822 825 1903 certoordinenequeimperio,oumsibiquisque
883 1797 898 1834 ι

84 1918 225 1996 primum
238 1916 362 1978 itineris
380 1917 482 1976 locum
502 1923 623 1996 peteret
641 1925 674 1978 et
691 1920 816 1980 domum
834 1920 998 1997 pervenire

85 2019 280 2092 properaret,
306 2013 457 2084 fecerunt,
479 2019 517 2072 ut
538 2013 709 2074 consimilis
731 2015 825 2093 fugae
848 2016 998 2094 profectio

84 2109 259 2168 videretur.
300 2109 370 2168 Hae
392 2127 426 2167 re
447 2108 555 2169 statim
583 2108 696 2169 Caesar
716 2129 772 2188 per
791 2110 998 2189 speculatores
1012 2145 1038 2171 ω

85 2205 225 2286 cognita,
240 2203 370 2264 insidias
391 2204 520 2276 veritus,
538 2205 630 2282 quod,
652 2225 715 2283 que
736 2206 775 2267 de
796 2225 888 2266 cause.
904 2207 998 2268 disee

88 2303 210 2374 derent,
218 2301 357 2382 nondum
367 2307 575 2380 perspexerat,
584 2301 756 2361 exereitum
763 2303 999 2382 equitatumque

89 2396 202 2456 castris
224 2394 391 2455 continuit.
432 2395 536 2456 Prima
557 2396 629 2476 luce.
640 2397 821 2458 confirmata
840 2419 874 2459 re
895 2400 935 2459 ab
948 2419 999 2458 ex·

89 2490 303 2570 ploratoribus
332 2509 454 2552 omnem
491 2491 676 2570 equitatum,
712 2493 767 2569 qui
795 2494 999 2555 novissimum

89 2605 205 2666 agmen
218 2577 400 2657 moraretur,
414 2585 585 2665 praemisit.
634 2587 694 2647 His
708 2587 860 2659 Quintum
871 2589 999 2648 Pedium
1008 2609 1038 2647 ‘ss

5 2729 9 2740 .
91 2689 124 2743 et
137 2682 274 2742 Lucium
288 2681 538 2742 Aurunculeium
558 2683 684 2744 Cottam
706 2683 827 2762 legatos
849 2684 998 2762 praefecit

91 2778 208 2838 Titum·
231 2776 404 2836 Labienum
436 2777 576 2856 legatum
602 2797 672 2837 oum
697 2778 872 2856 legionibus
898 2777 1000 2838 tribus

45 2905 47 2908 ·
93 2873 244 2950 subsequi
253 2871 359 2946 iussit.
388 2873 432 2932 Hi
443 2873 626 2933 novissimos
639 2873 741 2932 adorti
755 2879 787 2930 et
800 2873 900 2932 multa
913 2875 1001 2934 milia

93 2963 244 3063 passuum
271 2969 427 3061 prosecuti
459 2989 603 3048 magnam
632 2967 868 3028 multitudinem
897 2989 1001 3028 eorum
