2196 3368
67 93 194 208 2r-23.
238 131 300 192 on
317 131 462 197 enare
484 131 668 203 ernardo
691 141 817 206 conr.
838 147 902 208 ιιι.
952 153 987 209 41

69 274 138 336 ubi
149 274 320 354 diligentia
332 285 510 362 nostrorum
522 283 605 343 nihil
618 284 667 347 his
681 289 773 350 rebus
786 290 893 369 profici
904 311 991 370 posse

68 371 320 446 intellexerunt,
339 375 460 454 legatos
481 380 522 438 ad
538 379 682 442 Crassum
704 386 837 446 mittunt
850 407 943 465 seque
957 387 991 446 in

73 468 277 528 deditionem
298 476 337 530 ut
357 473 498 552 recipiat,
520 482 640 554 petunt
681 480 803 556 Quare
825 482 992 562 impetrata

70 583 169 622 arma
182 564 330 624 tradere'
320 567 399 626 iussi
413 569 541 630 faciunt
584 574 644 634 22.
665 575 794 653 Atque'
785 597 819 636 111
839 639 875 678 an
883 642 948 680 aare
1020 639 1022 644 s

73 679 117 720 aa
139 679 176 720 re
198 662 338 722 omnium
359 671 537 726 nostrorum
558 669 691 730 intentis
707 672 819 734 animis
839 695 862 728 to
870 691 969 730 ream

70 756 142 816 alia
156 777 198 816 ex
211 763 303 836 parta
317 759 423 837 oppidi
437 762 638 823 Adiatunnus
639 766 717 842 ,qui
738 786 819 826 sum-

839 739 983 782 llusrairttad.

71 875 163 916 mam
176 856 304 934 imperii
294 857 451 930 tenebat,
463 879 533 920 cum
547 863 699 922 sexcentis
709 863 837 937 devotis,
849 885 926 944 quos
939 829 989 928 illi

70 951 236 1014 soldurios
260 953 429 1033 appellant,
454 975 585 1034 quorum
608 958 684 1019 haec
706 965 755 1020 est
780 962 927 1034 condicio
951 970 989 1024 ut

71 1049 258 1108 omnibus
248 1069 284 1107 ιιι
305 1050 374 1108 vita
395 1053 561 1112 commodis
583 1073 647 1114 una
670 1076 741 1115 oum
765 1057 805 1116 iis
832 1058 986 1130 fruantur,

8 1165 13 1170 ·
70 1149 214 1222 quorum
236 1164 269 1204 se
291 1145 446 1205 amicitiae
459 1146 644 1220 dediderint,
659 1150 687 1208 si
700 1151 777 1228 quid
790 1151 840 1211 his
853 1153 986 1229 pervim
1001 1183 1025 1211 ιο

70 1240 209 1311 accidat,
224 1245 281 1300 aut
294 1241 428 1300 eundem
441 1261 546 1302 casum
559 1263 623 1304 una
637 1244 740 1304 ferant
755 1251 811 1305 aut
826 1247 888 1306 sibi
908 1267 987 1308 mor-

70 1342 141 1396 tam
170 1337 380 1407 consciscant;
407 1357 508 1415 neque
531 1339 632 1399 adhuc
655 1341 817 1400 hominum
840 1343 987 1402 memoria

70 1437 225 1511 repertus
246 1439 296 1493 est
317 1433 492 1512 quisquam,
514 1436 570 1512 qui
591 1456 626 1496 eo
647 1437 821 1510 interfecto,
845 1439 932 1499 ouius
954 1459 986 1499 se
1065 1465 1072 1472 ·

71 1527 238 1588 amicitiae
252 1529 438 1602 devovisset,
453 1531 532 1590 mori
545 1538 716 1592 recusaret:
739 1551 809 1593 cum
827 1533 878 1595 his
892 1535 985 1594 Adia-

72 1629 200 1683 tunnus
223 1625 418 1703 eruptionem
443 1626 543 1686 facere
567 1634 703 1701 conatus,
730 1629 862 1692 clamore
886 1632 925 1690 ab
950 1650 985 1690 ea
1000 1659 1022 1696 ιε

72 1727 167 1799 parte
176 1719 363 1780 munitionis
371 1721 503 1793 sublato,
512 1742 582 1781 oum
591 1725 629 1783 ad
640 1745 725 1784 arma
735 1727 851 1786 milites
862 1747 985 1785 concur·

59 1817 195 1880 ‚rissent
213 1815 474 1895 vehementerque
488 1818 535 1877 ibi
547 1827 722 1897 pugnatum
740 1828 829 1892 esset,
843 1822 986 1899 repulsus

72 1915 109 1973 in
133 1912 286 1992 oppidum
308 1918 422 1984 tamen,
436 1913 487 1972 uti
503 1914 609 1972 eadem
626 1914 793 1974 deditionis
808 1915 986 1976 condicione

73 2015 231 2080 uteretur,
246 2029 265 2068 a
279 2007 389 2070 Crasso
402 2008 593 2086 impetravit.
631 2011 690 2070 23.
711 2011 816 2070 Armis
835 2045 881 2086 ῃ,
889 2047 977 2087 m,

73 2104 302 2183 obsidibusque
315 2104 450 2182 acceptis
465 2103 620 2164 Crassus
610 2124 645 2162 m
661 2105 738 2164 fines
752 2106 813 2166 Vo-
834 2096 856 2135 ¹¹¹
832 2099 1023 2196 ”⁸2⁹⁰gl'sst20

62 2202 198 2264 ,catium
212 2206 245 2260 et
260 2200 459 2260 Tarusatium
471 2201 629 2279 profectus
641 2206 698 2261 est.
733 2201 814 2260 Tum
833 2197 873 2237 ⁰³⁰
861 2201 911 2243 ⁰¹¹*

74 2317 153 2358 vero
167 2296 295 2356 barbari
311 2296 464 2368 commoti,
478 2296 562 2374 quod
583 2296 731 2375 oppidum
747 2303 780 2357 et
796 2304 910 2359 natma
925 2298 985 2359 loci

75 2399 110 2455 et
123 2410 222 2453 manu
235 2393 394 2452 munitum
408 2386 515 2472 paucis
532 2392 650 2463 diebus,
664 2393 779 2470 quibus
800 2414 836 2454 co
854 2400 985 2458 ventum

72 2497 156 2562 erat,
176 2495 391 2568 expugnatum
413 2495 631 2572 cognoverant,
653 2489 773 2565 legatos
794 2511 985 2568 quoquover-

75 2607 147 2648 sum
159 2586 328 2657 dimittere,
339 2585 508 2656 ooniurare‚
520 2585 640 2644 obsides
653 2584 735 2642 inter
748 2584 871 2656 sedare,
883 2587 985 2663 copias
998 2607 1023 2644 2⁵

76 2703 190 2762 parare
204 2687 381 2760 coeperunt.
426 2682 600 2740 Mittuntur
613 2681 708 2740 etiam
721 2681 760 2739 ad
777 2701 828 2740 aas
842 2681 986 2742 civitates

76 2779 190 2860 legati,
205 2798 285 2856 quae
299 2784 374 2838 sunt
387 2777 539 2838 citerioris
549 2777 719 2856 Hispaniae
728 2777 879 2838 finitimae
889 2777 986 2856 Aqui-

78 2875 202 2936 taniae:
217 2873 291 2934 inde
304 2873 424 2934 auxilia
437 2874 590 2951 ducesque
603 2877 808 2933 arcessuntnr.
849 2874 986 2946 Quorum

78 2973 220 3034 adventu
236 2989 351 3047 magna
365 2989 435 3029 oum
448 2969 633 3028 auctoritato
646 2973 678 3028 et
688 2987 802 3045 magna
811 2987 882 3030 cum
891 2968 988 3028 homi-
