2194 3358
51 179 128 242 5-7.
201 166 264 226 or
282 161 423 229 eroso
446 125 631 231 arsurae
652 164 781 226 coru.
802 163 847 224 Π.
959 170 977 224 s

37 329 108 368 -res
123 316 160 370 et
174 309 265 367 latus
278 327 378 366 unum
391 311 564 366 castrorum
577 306 656 384 ripis
665 293 803 366 fluminis
817 306 979 366 muniebat

51 410 88 463 et
106 411 188 484 post
207 423 280 464 cum
298 419 379 480 quae
393 407 505 473 essent,
520 407 592 460 tuta
610 402 650 460 ab
669 401 820 462 hostibus·
830 402 981 470 reddebat¹

52 507 99 572 et,
125 505 324 560 commeatus
340 499 380 558 ab
400 498 507 558 Remis
528 497 720 576 reliquisque
740 497 924 558 civitatibus
940 503 978 558 ut
1001 483 1003 492 ’

53 597 130 656 sine
150 594 294 674 periculo
307 593 349 652 'ad
361 613 432 652 eum
450 593 569 671 portari
588 599 722 670 possent,
736 593 895 654 efficiebat.
937 593 977 650 In

53 711 93 750 eo
119 691 257 750 flumine
271 703 357 768 pons
378 695 454 749 erat.
497 688 548 748 Ibi
570 689 757 766 praesidium
779 690 867 766 ponit
889 694 921 749 et
942 689 977 748 in
1003 715 1014 750 s

54 787 167 846 altera
182 792 274 865 parte
290 785 430 846 fluminis
445 786 482 856 Q.
497 785 657 842 Titurium
674 784 824 845 Sabinum
837 785 977 863 legatum

54 903 142 942 cum-
151 903 209 942 sex
223 881 404 941 cohortibus
417 879 588 957 relinquit;
614 885 715 940 castra
728 881 762 940 in
776 879 976 942 altitudinem

55 981 182 1058 pedum
196 979 359 1038 duodecim
373 977 458 1038 vallo
472 977 614 1054 fossaque
630 977 848 1056 duodeviginti
862 979 975 1056 pedum

55 1075 192 1136 munire
204 1074 303 1133 iubet.

101 1174 140 1232 6.
162 1171 215 1228 Ab
250 1170 301 1228 his
334 1169 444 1229 castris
472 1169 620 1246 oppidum
654 1167 819 1227 Remorum
851 1167 975 1228 nomine
990 1192 1015 1219 ro

54 1266 185 1325 Bibrax
198 1266 306 1324 aberat
326 1265 415 1324 milia
430 1283 578 1343 passuum
597 1267 675 1322 octo.
716 1263 807 1322 Idex
827 1297 955 1348 mle„

55 1363 180 1422 itinere
206 1381 322 1440 magno
343 1361 464 1439 impetu
485 1359 602 1439 Belgae
624 1377 806 1438 oppugnare
823 1349 977 1448 fflffissng

57 1461 245 1535 coeperunt.
282 1457 387 1534 Aegre
399 1475 435 1515 eo
453 1455 504 1514 die
522 1459 732 1514 sustentatum
747 1461 803 1514 est.
825 1449 902 1490 ΒΜ

58 1541 230 1609 Gallorum
239 1548 345 1608 cadam
353 1547 625 1624 etqueBelgarum
633 1547 825 1625 oppugnabo
834 1547 974 1608 esthaec.
1041 1590 1045 1596 -

57 1645 129 1705 Ubi
140 1645 340 1704 circumiecta
349 1641 723 1702 multitudinehomiuum
732 1643 807 1704 totis
815 1643 975 1704 moenibus
991 1669 1013 1706 ιε

7 1791 15 1806 .
58 1741 254 1828 undique'in
267 1760 392 1800 murum
399 1740 519 1819 lapides
534 1739 594 1798 iaci
605 1739 706 1817 coepti
719 1745 794 1800 sunt
807 1759 976 1816 murusque
996 1753 1002 1758 ‘

59 1836 282 1897 defensoribus
296 1835 434 1895 nudatus
448 1841 505 1905 est,
520 1835 679 1894 testudine
693 1836 777 1894 facta
790 1841 896 1912 portas
909 1853 974 1893 suc·

59 1927 182 1992 cedunt
191 1951 379 2010 murumque
392 1931 561 1991 subruunt.
589 1931 678 2001 Quod
691 1936 759 1988 tum
770 1929 861 1988 facile
871 1931 974 1989 fiebat.

7 2055 13 2065 ·
60 2029 147 2090 Nom
161 2049 234 2088 cum
247 2033 338 2088 tanta
348 2027 519 2086 multitudo
532 2025 651 2104 lapides
664 2045 700 2084 ac
714 2025 778 2084 tela
790 2026 974 2096 conicerent,

60 2125 98 2184 in
110 2143 204 2184 muro
216 2123 407 2184 consistendi
421 2127 558 2200 potestas
574 2125 642 2180 erat
655 2118 746 2180 nulli.
789 2118 868 2180 Cum
881 2120 974 2178 finem
988 2145 1013 2172 20

59 2220 270 2300 oppugnandi
304 2239 367 2280 nox
400 2218 533 2290 fecisset,
561 2217 672 2289 Iccius,
707 2217 821 2277 Remus
855 2237 974 2278 summa
1019 2211 1023 2214 ’

59 2316 233 2376 nobilitate
260 2320 292 2374 et
320 2314 422 2392 gratia
449 2314 534 2372 inter
560 2333 641 2383 suos,
669 2313 724 2390 qui
758 2318 827 2372 tum
861 2313 974 2392 oppido

60 2415 254 2494 praefuerat,
282 2431 364 2472 unus
391 2432 430 2472 ex
463 2412 512 2483 iis,
540 2412 596 2488 qui
629 2411 728 2490 legati
755 2411 793 2471 dc
826 2432 901 2490 pase
933 2412 975 2472 ad
1095 2415 1096 2420 ’

62 2512 229 2582 Gaesarem
256 2514 417 2580 venerant,
440 2507 588 2567 nuntium
610 2507 650 2566 ad
674 2526 744 2566 eum
771 2507 891 2568 mittit:
912 2505 975 2566 nisi
1033 2580 1041 2586 .

61 2607 240 2668 subsidium
269 2605 330 2665 sibi
357 2604 571 2675 submittatur,
595 2622 660 2663 sese
682 2602 850 2704 diutiusbu
875 2663 923 2703 m
988 2623 1011 2660 2⁵

61 2703 220 2764 sustinere
246 2719 310 2760 non
341 2718 437 2778 posse.
500 2701 533 2760 7.
562 2699 608 2757 Ec
635 2698 673 2757 de
698 2663 897 2804 modiagium
857 2663 938 2753 didi
946 2713 999 2760 oy

60 2805 153 2862 noete
168 2795 394 2858 ansarisdem
410 2794 541 2854 ducibus
554 2812 637 2864 usus,
652 2812 708 2870 qur
721 2810 801 2850 nun·
819 2773 938 2864 affl?
903 2761 974 2802 marcu

62 2897 101 2956 tii
121 2896 163 2955 ab
186 2892 271 2952 Iccio
290 2896 451 2962 venerant,
466 2888 619 2950 Numidas
640 2894 673 2947 et
693 2887 801 2947 Oretas
820 2863 919 2914 possum.

61 2991 247 3072 sagittarios
263 2995 296 3050 et
313 2988 487 3048 funditores
501 2987 645 3046 Baleares
659 2982 808 3044 subsidio
811 2983 973 3062 oppidanis
