2194 3358
136 165 153 219 a
263 161 325 222 ns
342 131 691 254 spernentesne
714 159 839 222 sonu
861 117 910 222 n.
962 137 966 140 ’

133 301 252 373 mittit;
285 321 416 380 quorum
438 302 576 361 adventu
592 308 625 362 et
642 303 746 364 Remis
768 323 836 362 eum
859 323 917 381 spe
940 303 1045 362 defen·

133 398 229 458 sionis
255 398 395 458 studium
426 397 645 478 propugnandi
671 399 808 470 accessit,
835 404 869 457 et
895 397 1044 458 hostibus

83 502 85 510 ’
134 493 239 552 eadem
274 494 312 552 de
346 483 437 555 eausa
471 511 540 572 spes
567 491 712 572 potiundi
746 493 852 572 oppidi
887 493 1041 553 diseessit.

133 591 246 668 Itaque
275 589 434 668 paulisper
460 590 544 667 apud
571 590 719 669 oppidum
744 589 858 649 morati
886 587 1041 668 agrosque

109 687 299 750 sR'emorunr
327 683 506 764 depopulati
538 686 681 745 omnibus
707 685 786 744 vinis
817 685 1040 762 aedificiisque,

134 801 210 858 ques
237 782 323 840 adire
350 785 524 859 potuerant,
547 781 681 840 incensis
703 772 742 839 ad
770 786 871 840 eastra
899 779 1040 841 Caesaris

133 877 276 935 omnibns
290 877 386 954 copiis
399 878 626 938 eontenderunt
641 883 674 936 et
690 878 731 937 ab
749 877 878 936 milibus
891 897 1037 955 passuum

133 971 237 1031 minus
251 973 674 1050 duobuseastraposuerunt3
689 991 768 1052 quae
782 977 942 1043 castrant
955 974 1037 1030 fumo

132 1072 226 1144 atque
248 1067 375 1144 ignibus
402 1067 645 1145 significabatur,
667 1067 801 1146 amplius
821 1063 964 1127 milibus
973 1087 1036 1146 pas-

97 1200 121 1225 10
132 1222 178 1262 sm
179 1223 234 1262 mn
242 1223 266 1262 ί
301 1183 391 1222 suurn
415 1163 520 1222 osto
510 1184 544 1222 1n
571 1163 772 1224 latitudinem
800 1164 962 1242 patebant
1005 1167 1033 1224 8.

133 1274 168 1312 ne
177 1273 257 1314 noman
302 1259 414 1319 Caesar
447 1259 546 1336 primo
576 1265 608 1318 et
641 1265 769 1338 propter
801 1259 1034 1318 multitudinem

300 1355 438 1415 hostium
465 1361 497 1413 et
524 1360 651 1433 propter
679 1355 825 1414 eximiam
859 1355 1034 1433 opinionem

119 1443 261 1511 ¹virtutis
285 1451 403 1530 proelio
424 1452 621 1529 supersedere
643 1452 773 1521 statuit3
795 1451 909 1510 cotidie
934 1457 1034 1510 tamen

132 1548 327 1634 equestribus
348 1547 482 1625 proeliis,
502 1547 579 1625 quid
606 1547 705 1606 hostis
728 1547 848 1622 viptute
875 1553 982 1629 posset
1007 1553 1034 1604 et
1079 1583 1080 1632 ἦ

131 1332 197 1374 uump.

94 1641 208 1718 aquid
229 1643 327 1702 nostri
351 1643 508 1715 auderent,
530 1641 774 1722 periclitabatur.
825 1643 890 1702 Ubi
918 1649 1033 1703 nostros
1079 1639 1080 1654 ¹

131 1757 194 1795 non
221 1757 287 1796 esse
314 1738 476 1798 inferiores
503 1739 671 1809 intellexit,
692 1739 759 1798 loeo
782 1759 838 1818 pro
864 1739 1032 1810 cestris‘ad

131 1833 227 1892 aeiern
243 1834 457 1894 instruendam
480 1841 593 1894 natura
612 1840 785 1914 opportuno
806 1841 900 1912 atque
916 1835 1030 1902 idoneo,
1078 1845 1079 1918 ,

131 1931 213 2005 quod
226 1931 253 1990 is
267 1933 364 2004 collis,
381 1933 436 1992 ubi
457 1940 558 1993 castra
578 1934 679 2012 posita
700 1939 798 2006 erant,
812 1933 977 2012 paululum
997 1954 1031 1992 ex
1078 1923 1079 1939 ¹

130 2025 262 2104 planitie
295 2030 398 2090 editus
425 2036 550 2089 tantum
585 2029 733 2089 adversus
767 2029 801 2087 in
835 2029 1029 2088 latitudinem

92 2148 117 2176 20
130 2126 265 2202 patebat,
300 2132 453 2203 quantum
487 2127 547 2186 loci
586 2127 666 2186 acies
698 2127 852 2211 instructa
886 2145 1029 2204 oeeupare
1077 2177 1078 2202 ,

129 2225 260 2296 poterat,
288 2226 383 2297 atque
409 2241 447 2279 ex
474 2228 607 2300 utraque
634 2227 723 2301 parte
756 2221 863 2281 lateris
898 2222 1028 2281 deiectus

128 2313 263 2371 habebat
283 2315 370 2372 etin
386 2315 489 2375 fronte
507 2317 621 2376 leniter
637 2317 806 2395 fastigatus
819 2316 973 2394 paulatim
991 2317 1027 2375 ad

25 2458 30 2464 .
128 2406 291 2486 planitiem
304 2409 434 2482 redibat,
443 2412 483 2470 ab
496 2417 628 2492 utroque
641 2412 779 2471 latere
752 2431 818 2472 e1us
832 2411 922 2471 collis
935 2418 1048 2474 trans-

128 2523 249 2562 versam
277 2505 388 2566 fossam
416 2507 550 2567 obduxit
570 2507 692 2567 eireiter
713 2525 859 2587 passuum
886 2490 1026 2585 quadrin-
1076 2491 1077 2503 ἵ

90 2607 291 2679 agentorum
318 2611 350 2663 et
370 2605 410 2664 ad
430 2611 584 2664 extremas
605 2605 701 2663 fessas
721 2603 849 2663 castella
870 2603 1026 2663 constituit

127 2697 238 2775 ibique
255 2703 409 2758 tormenta
430 2700 603 2770 collocavit,
625 2719 673 2770 ne,
688 2717 758 2758 eum
779 2699 876 2758 aeiem
896 2699 1025 2758 instrux·
1075 2707 1076 2785 ,

127 2792 212 2862 isset,
233 2792 347 2864 hostes,
368 2794 451 2870 quod
471 2799 596 2852 tantum
617 2795 821 2852 multitudine
842 2801 1025 2873 poterant,a

127 2883 279 2944 lateribus
320 2893 496 2964 pugnantes
529 2891 600 2947 suos
642 2889 866 2948 circumvenire
899 2897 1025 2968 possent.
1074 2959 1075 2970 χ

129 2974 197 3032 Ηοο
224 2979 305 3036 facto
332 2980 451 3037 duabus
478 2981 663 3058 legionibus,
691 3003 768 3059 quas
791 2985 933 3062 proxime
964 3007 1026 3049 eon-
1074 2997 1075 3067 l
