2174 3368
30 125 182 214 272-29.
221 138 284 196 aa
304 97 446 197 annno
468 137 650 201 cancico
674 137 802 207 sonu.
824 139 888 198 ΠΙ.
944 143 982 196 45
1060 151 1061 159 Ν

33 281 202 341 tionibus
223 279 300 340 locis
322 265 421 340 secuti
442 299 556 358 paucos
578 300 617 340 ex
639 281 704 340 suis
728 281 980 360 deperdiderunt.
1006 301 1009 306 ·

39 379 133 439 29.
155 375 296 454 Reliquis
310 375 454 454 deinceps
468 375 577 436 diebus
588 376 806 436 Caesarsilvas
826 413 947 454 ,mm
994 433 1020 452 ,,

1 495 12 506 ·
39 467 194 534 caedere
220 469 373 542 instituit,
401 477 433 531 et
459 491 500 531 ne
535 472 606 550 quis
632 464 961 554 inermibus353150ss⁶
991 480 995 489 ‘
1020 470 1037 507 ‘-

39 567 383 646 imprudentibusque
404 566 559 626 militibus
580 567 621 626 ab
636 567 735 628 latere
748 569 807 627 im·
826 565 896 616 W·

43 672 161 745 petus
175 663 244 724 fleri
262 669 374 742 posset,
392 683 514 722 omnem
535 683 603 722 eam
625 664 796 736 materiam,
811 685 890 744 quae
912 672 979 726 erat
1006 693 1018 731 s

44 781 167 832 caesa,
182 779 362 820 conversam
384 759 423 818 ad
444 759 566 818 hostem
588 759 757 818 collocabat
773 765 806 819 et
822 781 878 839 pro
895 763 979 821 vallo
1017 771 1020 774 '

44 859 103 918 ad
123 862 292 933 utrumque
305 855 389 914 latus
403 855 593 915 exstruebat.
629 855 808 915 Incredibili
819 857 978 918 celeritate

45 973 183 1031 magno
196 952 299 1030 spatio
312 951 419 1030 paucis
433 952 543 1011 diebus
557 952 704 1023 coniectu,
720 973 790 1012 cum
807 953 869 1013 iam
888 975 980 1033 pecus

45 1059 160 1128 atque
182 1054 321 1108 extrema
351 1048 573 1126 impedimenta
595 1049 634 1107 ab
656 1049 771 1108 nostris
789 1053 979 1121 tenerentur,
1023 1075 1030 1087 ·

48 1146 136 1231 ipsi„
147 1145 306 1204 densiores
320 1144 415 1204 silvas
429 1149 579 1222 peterent,
594 1145 744 1204 eiusmodi
762 1151 836 1204 sunt
850 1151 980 1224 tempes-
994 1171 1019 1199 ιο

55 1248 153 1304 tates
168 1246 357 1311 consecutae,
369 1239 418 1298 uti
432 1259 510 1318 opus
523 1241 695 1300 necessario
709 1241 980 1313 intermitteretur,

58 1345 103 1399 ct
115 1335 349 1410 continuatione
359 1335 507 1394 imbrium
518 1336 639 1396 diutius
649 1337 707 1396 sub
718 1336 853 1416 pellibus
862 1336 981 1397 milites

60 1431 227 1494 contineri
254 1451 318 1490 non
345 1437 478 1508 possent.
533 1433 644 1510 Itaque
672 1433 805 1491 vastatis
836 1432 981 1492 omnibus
1051 1455 1052 1460 ¹

62 1551 180 1592 eorum
193 1529 288 1608 agris,
303 1528 381 1586 vicis
394 1529 603 1606 aedificiisque
616 1529 750 1590 incensis
764 1529 877 1591 Caesar
894 1551 981 1590 exer·
1053 1560 1057 1566 ·

64 1629 172 1688 citum
193 1623 321 1684 reduxit
343 1629 375 1684 et
396 1624 430 1682 in
451 1625 593 1684 Aulercis
615 1625 1020 1704 Lexoviisque,reliquis15

63 1725 148 1783 item
171 1720 364 1790 civitatibus,
379 1740 458 1797 quae
479 1721 619 1800 proxime
641 1722 759 1782 bellum
781 1723 928 1794 fecerant,
947 1723 982 1781 in

67 1819 213 1879 hibernis
228 1817 401 1878 collocavit.
